%YAML 1.1
%TAG !u! tag:unity3d.com,2011:
--- !u!1 &965722076296494799
GameObject:
  m_ObjectHideFlags: 0
  m_CorrespondingSourceObject: {fileID: 0}
  m_PrefabInstance: {fileID: 0}
  m_PrefabAsset: {fileID: 0}
  serializedVersion: 6
  m_Component:
  - component: {fileID: 7648584183018479231}
  - component: {fileID: 7944580343261376989}
  m_Layer: 0
  m_Name: GameObject (4)
  m_TagString: Untagged
  m_Icon: {fileID: 0}
  m_NavMeshLayer: 0
  m_StaticEditorFlags: 0
  m_IsActive: 1
--- !u!4 &7648584183018479231
Transform:
  m_ObjectHideFlags: 0
  m_CorrespondingSourceObject: {fileID: 0}
  m_PrefabInstance: {fileID: 0}
  m_PrefabAsset: {fileID: 0}
  m_GameObject: {fileID: 965722076296494799}
  m_LocalRotation: {x: 0.52009094, y: -0, z: -0, w: 0.8541109}
  m_LocalPosition: {x: 0, y: 1.432, z: 3.074}
  m_LocalScale: {x: 1, y: 1.0000004, z: 1.0000004}
  m_Children: []
  m_Father: {fileID: 5904170281783687999}
  m_RootOrder: 4
  m_LocalEulerAnglesHint: {x: 62.677002, y: 0, z: 0}
--- !u!65 &7944580343261376989
BoxCollider:
  m_ObjectHideFlags: 0
  m_CorrespondingSourceObject: {fileID: 0}
  m_PrefabInstance: {fileID: 0}
  m_PrefabAsset: {fileID: 0}
  m_GameObject: {fileID: 965722076296494799}
  m_Material: {fileID: 0}
  m_IsTrigger: 0
  m_Enabled: 1
  serializedVersion: 2
  m_Size: {x: 0.6838722, y: 0.7229221, z: 1.6752403}
  m_Center: {x: -0.0005970001, y: -0.031960104, z: -0.06902963}
--- !u!1 &1069935877406888011
GameObject:
  m_ObjectHideFlags: 0
  m_CorrespondingSourceObject: {fileID: 0}
  m_PrefabInstance: {fileID: 0}
  m_PrefabAsset: {fileID: 0}
  serializedVersion: 6
  m_Component:
  - component: {fileID: 4376861689261164607}
  - component: {fileID: 505265578795645080}
  m_Layer: 0
  m_Name: GameObject (9)
  m_TagString: Untagged
  m_Icon: {fileID: 0}
  m_NavMeshLayer: 0
  m_StaticEditorFlags: 0
  m_IsActive: 1
--- !u!4 &4376861689261164607
Transform:
  m_ObjectHideFlags: 0
  m_CorrespondingSourceObject: {fileID: 0}
  m_PrefabInstance: {fileID: 0}
  m_PrefabAsset: {fileID: 0}
  m_GameObject: {fileID: 1069935877406888011}
  m_LocalRotation: {x: 0.008930092, y: -0.3415586, z: -0.93949693, w: 0.024564898}
  m_LocalPosition: {x: 0, y: -2.659, z: 2.16}
  m_LocalScale: {x: 1, y: 1.0000004, z: 1.0000004}
  m_Children: []
  m_Father: {fileID: 5904170281783687999}
  m_RootOrder: 9
  m_LocalEulerAnglesHint: {x: -39.892002, y: -2.5070002, z: -176.095}
--- !u!65 &505265578795645080
BoxCollider:
  m_ObjectHideFlags: 0
  m_CorrespondingSourceObject: {fileID: 0}
  m_PrefabInstance: {fileID: 0}
  m_PrefabAsset: {fileID: 0}
  m_GameObject: {fileID: 1069935877406888011}
  m_Material: {fileID: 0}
  m_IsTrigger: 0
  m_Enabled: 1
  serializedVersion: 2
  m_Size: {x: 0.6838722, y: 0.7229221, z: 1.6752403}
  m_Center: {x: -0.0005970001, y: -0.031960104, z: -0.06902963}
--- !u!1 &1131398788117047772
GameObject:
  m_ObjectHideFlags: 0
  m_CorrespondingSourceObject: {fileID: 0}
  m_PrefabInstance: {fileID: 0}
  m_PrefabAsset: {fileID: 0}
  serializedVersion: 6
  m_Component:
  - component: {fileID: 4901345555667207110}
  - component: {fileID: 7388729399676644703}
  m_Layer: 0
  m_Name: GameObject (8)
  m_TagString: Untagged
  m_Icon: {fileID: 0}
  m_NavMeshLayer: 0
  m_StaticEditorFlags: 0
  m_IsActive: 1
--- !u!4 &4901345555667207110
Transform:
  m_ObjectHideFlags: 0
  m_CorrespondingSourceObject: {fileID: 0}
  m_PrefabInstance: {fileID: 0}
  m_PrefabAsset: {fileID: 0}
  m_GameObject: {fileID: 1131398788117047772}
  m_LocalRotation: {x: 0.002795418, y: -0.10690329, z: -0.9939258, w: 0.025987616}
  m_LocalPosition: {x: 0, y: -3.324, z: 0.785}
  m_LocalScale: {x: 1, y: 1.0000007, z: 1.0000007}
  m_Children: []
  m_Father: {fileID: 5904170281783687999}
  m_RootOrder: 8
  m_LocalEulerAnglesHint: {x: -12.261001, y: -0.652, z: -176.93501}
--- !u!65 &7388729399676644703
BoxCollider:
  m_ObjectHideFlags: 0
  m_CorrespondingSourceObject: {fileID: 0}
  m_PrefabInstance: {fileID: 0}
  m_PrefabAsset: {fileID: 0}
  m_GameObject: {fileID: 1131398788117047772}
  m_Material: {fileID: 0}
  m_IsTrigger: 0
  m_Enabled: 1
  serializedVersion: 2
  m_Size: {x: 0.6838722, y: 0.7229221, z: 1.6752403}
  m_Center: {x: -0.0005970001, y: -0.031960104, z: -0.06902963}
--- !u!1 &2994226832891426750
GameObject:
  m_ObjectHideFlags: 0
  m_CorrespondingSourceObject: {fileID: 0}
  m_PrefabInstance: {fileID: 0}
  m_PrefabAsset: {fileID: 0}
  serializedVersion: 6
  m_Component:
  - component: {fileID: 6652513541278743289}
  - component: {fileID: 8376589743491366437}
  m_Layer: 0
  m_Name: GameObject (5)
  m_TagString: Untagged
  m_Icon: {fileID: 0}
  m_NavMeshLayer: 0
  m_StaticEditorFlags: 0
  m_IsActive: 1
--- !u!4 &6652513541278743289
Transform:
  m_ObjectHideFlags: 0
  m_CorrespondingSourceObject: {fileID: 0}
  m_PrefabInstance: {fileID: 0}
  m_PrefabAsset: {fileID: 0}
  m_GameObject: {fileID: 2994226832891426750}
  m_LocalRotation: {x: 0.71479243, y: -0, z: -0, w: 0.6993367}
  m_LocalPosition: {x: 0, y: -0.023, z: 3.376}
  m_LocalScale: {x: 1, y: 1.0000001, z: 1.0000001}
  m_Children: []
  m_Father: {fileID: 5904170281783687999}
  m_RootOrder: 5
  m_LocalEulerAnglesHint: {x: 91.252014, y: -0.000015258789, z: -0.000015258789}
--- !u!65 &8376589743491366437
BoxCollider:
  m_ObjectHideFlags: 0
  m_CorrespondingSourceObject: {fileID: 0}
  m_PrefabInstance: {fileID: 0}
  m_PrefabAsset: {fileID: 0}
  m_GameObject: {fileID: 2994226832891426750}
  m_Material: {fileID: 0}
  m_IsTrigger: 0
  m_Enabled: 1
  serializedVersion: 2
  m_Size: {x: 0.6838722, y: 0.7229221, z: 1.6752403}
  m_Center: {x: -0.0005970001, y: -0.031960104, z: -0.06902963}
--- !u!1 &3294676436436097010
GameObject:
  m_ObjectHideFlags: 0
  m_CorrespondingSourceObject: {fileID: 0}
  m_PrefabInstance: {fileID: 0}
  m_PrefabAsset: {fileID: 0}
  serializedVersion: 6
  m_Component:
  - component: {fileID: 945272636032476092}
  - component: {fileID: 2922277087250582469}
  m_Layer: 0
  m_Name: GameObject
  m_TagString: Untagged
  m_Icon: {fileID: 0}
  m_NavMeshLayer: 0
  m_StaticEditorFlags: 0
  m_IsActive: 1
--- !u!4 &945272636032476092
Transform:
  m_ObjectHideFlags: 0
  m_CorrespondingSourceObject: {fileID: 0}
  m_PrefabInstance: {fileID: 0}
  m_PrefabAsset: {fileID: 0}
  m_GameObject: {fileID: 3294676436436097010}
  m_LocalRotation: {x: -0.33152428, y: -0, z: -0, w: 0.9434467}
  m_LocalPosition: {x: 0, y: 2.6250005, z: -2.1190066}
  m_LocalScale: {x: 1, y: 1, z: 1}
  m_Children: []
  m_Father: {fileID: 5904170281783687999}
  m_RootOrder: 0
  m_LocalEulerAnglesHint: {x: -38.723003, y: 0, z: 0}
--- !u!65 &2922277087250582469
BoxCollider:
  m_ObjectHideFlags: 0
  m_CorrespondingSourceObject: {fileID: 0}
  m_PrefabInstance: {fileID: 0}
  m_PrefabAsset: {fileID: 0}
  m_GameObject: {fileID: 3294676436436097010}
  m_Material: {fileID: 0}
  m_IsTrigger: 0
  m_Enabled: 1
  serializedVersion: 2
  m_Size: {x: 0.6838722, y: 0.7229221, z: 1.6752403}
  m_Center: {x: -0.0005970001, y: -0.031960104, z: -0.06902963}
--- !u!1 &3983562593793443090
GameObject:
  m_ObjectHideFlags: 0
  m_CorrespondingSourceObject: {fileID: 0}
  m_PrefabInstance: {fileID: 0}
  m_PrefabAsset: {fileID: 0}
  serializedVersion: 6
  m_Component:
  - component: {fileID: 3103541429657515352}
  - component: {fileID: 6052187095669521094}
  m_Layer: 0
  m_Name: GameObject (10)
  m_TagString: Untagged
  m_Icon: {fileID: 0}
  m_NavMeshLayer: 0
  m_StaticEditorFlags: 0
  m_IsActive: 1
--- !u!4 &3103541429657515352
Transform:
  m_ObjectHideFlags: 0
  m_CorrespondingSourceObject: {fileID: 0}
  m_PrefabInstance: {fileID: 0}
  m_PrefabAsset: {fileID: 0}
  m_GameObject: {fileID: 3983562593793443090}
  m_LocalRotation: {x: 0.013594452, y: -0.5199134, z: -0.853819, w: 0.02232551}
  m_LocalPosition: {x: 0, y: -1.452, z: 3.06}
  m_LocalScale: {x: 1, y: 1.0000001, z: 1.0000001}
  m_Children: []
  m_Father: {fileID: 5904170281783687999}
  m_RootOrder: 10
  m_LocalEulerAnglesHint: {x: -62.526005, y: -5.7760005, z: -173.496}
--- !u!65 &6052187095669521094
BoxCollider:
  m_ObjectHideFlags: 0
  m_CorrespondingSourceObject: {fileID: 0}
  m_PrefabInstance: {fileID: 0}
  m_PrefabAsset: {fileID: 0}
  m_GameObject: {fileID: 3983562593793443090}
  m_Material: {fileID: 0}
  m_IsTrigger: 0
  m_Enabled: 1
  serializedVersion: 2
  m_Size: {x: 0.6838722, y: 0.7229221, z: 1.6752403}
  m_Center: {x: -0.0005970001, y: -0.031960104, z: -0.06902963}
--- !u!1 &6060811157386765588
GameObject:
  m_ObjectHideFlags: 0
  m_CorrespondingSourceObject: {fileID: 0}
  m_PrefabInstance: {fileID: 0}
  m_PrefabAsset: {fileID: 0}
  serializedVersion: 6
  m_Component:
  - component: {fileID: 1919541716460525769}
  - component: {fileID: 6954548160374201491}
  m_Layer: 0
  m_Name: GameObject (3)
  m_TagString: Untagged
  m_Icon: {fileID: 0}
  m_NavMeshLayer: 0
  m_StaticEditorFlags: 0
  m_IsActive: 1
--- !u!4 &1919541716460525769
Transform:
  m_ObjectHideFlags: 0
  m_CorrespondingSourceObject: {fileID: 0}
  m_PrefabInstance: {fileID: 0}
  m_PrefabAsset: {fileID: 0}
  m_GameObject: {fileID: 6060811157386765588}
  m_LocalRotation: {x: 0.3416732, y: -0, z: -0, w: 0.93981886}
  m_LocalPosition: {x: 0, y: 2.641, z: 2.174}
  m_LocalScale: {x: 1, y: 1.0000007, z: 1.0000007}
  m_Children: []
  m_Father: {fileID: 5904170281783687999}
  m_RootOrder: 3
  m_LocalEulerAnglesHint: {x: 39.958, y: 0, z: 0}
--- !u!65 &6954548160374201491
BoxCollider:
  m_ObjectHideFlags: 0
  m_CorrespondingSourceObject: {fileID: 0}
  m_PrefabInstance: {fileID: 0}
  m_PrefabAsset: {fileID: 0}
  m_GameObject: {fileID: 6060811157386765588}
  m_Material: {fileID: 0}
  m_IsTrigger: 0
  m_Enabled: 1
  serializedVersion: 2
  m_Size: {x: 0.6838722, y: 0.7229221, z: 1.6752403}
  m_Center: {x: -0.0005970001, y: -0.031960104, z: -0.06902963}
--- !u!1 &6660593476811034094
GameObject:
  m_ObjectHideFlags: 0
  m_CorrespondingSourceObject: {fileID: 0}
  m_PrefabInstance: {fileID: 0}
  m_PrefabAsset: {fileID: 0}
  serializedVersion: 6
  m_Component:
  - component: {fileID: 92811119392074193}
  - component: {fileID: 338837864686676125}
  m_Layer: 0
  m_Name: GameObject (1)
  m_TagString: Untagged
  m_Icon: {fileID: 0}
  m_NavMeshLayer: 0
  m_StaticEditorFlags: 0
  m_IsActive: 1
--- !u!4 &92811119392074193
Transform:
  m_ObjectHideFlags: 0
  m_CorrespondingSourceObject: {fileID: 0}
  m_PrefabInstance: {fileID: 0}
  m_PrefabAsset: {fileID: 0}
  m_GameObject: {fileID: 6660593476811034094}
  m_LocalRotation: {x: -0.11777978, y: -0, z: -0, w: 0.9930398}
  m_LocalPosition: {x: 0, y: 3.3064885, z: -0.7147746}
  m_LocalScale: {x: 1, y: 1.0000008, z: 1.0000008}
  m_Children: []
  m_Father: {fileID: 5904170281783687999}
  m_RootOrder: 1
  m_LocalEulerAnglesHint: {x: -13.528001, y: 0, z: 0}
--- !u!65 &338837864686676125
BoxCollider:
  m_ObjectHideFlags: 0
  m_CorrespondingSourceObject: {fileID: 0}
  m_PrefabInstance: {fileID: 0}
  m_PrefabAsset: {fileID: 0}
  m_GameObject: {fileID: 6660593476811034094}
  m_Material: {fileID: 0}
  m_IsTrigger: 0
  m_Enabled: 1
  serializedVersion: 2
  m_Size: {x: 0.6838722, y: 0.7229221, z: 1.6752403}
  m_Center: {x: -0.0005970001, y: -0.031960104, z: -0.06902963}
--- !u!1 &6715101254894498824
GameObject:
  m_ObjectHideFlags: 0
  m_CorrespondingSourceObject: {fileID: 0}
  m_PrefabInstance: {fileID: 0}
  m_PrefabAsset: {fileID: 0}
  serializedVersion: 6
  m_Component:
  - component: {fileID: 7139501334302994644}
  - component: {fileID: 6401287645483516146}
  m_Layer: 0
  m_Name: GameObject (6)
  m_TagString: Untagged
  m_Icon: {fileID: 0}
  m_NavMeshLayer: 0
  m_StaticEditorFlags: 0
  m_IsActive: 1
--- !u!4 &7139501334302994644
Transform:
  m_ObjectHideFlags: 0
  m_CorrespondingSourceObject: {fileID: 0}
  m_PrefabInstance: {fileID: 0}
  m_PrefabAsset: {fileID: 0}
  m_GameObject: {fileID: 6715101254894498824}
  m_LocalRotation: {x: -0.008665402, y: 0.3314115, z: -0.94312423, w: 0.02465983}
  m_LocalPosition: {x: 0, y: -2.643, z: -2.133}
  m_LocalScale: {x: 1, y: 1.0000008, z: 1.0000008}
  m_Children: []
  m_Father: {fileID: 5904170281783687999}
  m_RootOrder: 6
  m_LocalEulerAnglesHint: {x: 38.660004, y: 2.3990002, z: -176.16301}
--- !u!65 &6401287645483516146
BoxCollider:
  m_ObjectHideFlags: 0
  m_CorrespondingSourceObject: {fileID: 0}
  m_PrefabInstance: {fileID: 0}
  m_PrefabAsset: {fileID: 0}
  m_GameObject: {fileID: 6715101254894498824}
  m_Material: {fileID: 0}
  m_IsTrigger: 0
  m_Enabled: 1
  serializedVersion: 2
  m_Size: {x: 0.6838722, y: 0.7229221, z: 1.6752403}
  m_Center: {x: -0.0005970001, y: -0.031960104, z: -0.06902963}
--- !u!1 &7111982628731323117
GameObject:
  m_ObjectHideFlags: 0
  m_CorrespondingSourceObject: {fileID: 0}
  m_PrefabInstance: {fileID: 0}
  m_PrefabAsset: {fileID: 0}
  serializedVersion: 6
  m_Component:
  - component: {fileID: 5904170281783687999}
  - component: {fileID: 885106969980606769}
  - component: {fileID: 2391002662693849727}
  - component: {fileID: 1216129501718082712}
  m_Layer: 0
  m_Name: Prefab_Portal_Menu
  m_TagString: Untagged
  m_Icon: {fileID: 0}
  m_NavMeshLayer: 0
  m_StaticEditorFlags: 0
  m_IsActive: 1
--- !u!4 &5904170281783687999
Transform:
  m_ObjectHideFlags: 0
  m_CorrespondingSourceObject: {fileID: 0}
  m_PrefabInstance: {fileID: 0}
  m_PrefabAsset: {fileID: 0}
  m_GameObject: {fileID: 7111982628731323117}
  m_LocalRotation: {x: 0.35659558, y: 0.61060596, z: 0.61060596, w: -0.3565955}
  m_LocalPosition: {x: -15.04292, y: 2.884006, z: 27.697458}
  m_LocalScale: {x: 1, y: 1, z: 1}
  m_Children:
  - {fileID: 945272636032476092}
  - {fileID: 92811119392074193}
  - {fileID: 7135412274614892787}
  - {fileID: 1919541716460525769}
  - {fileID: 7648584183018479231}
  - {fileID: 6652513541278743289}
  - {fileID: 7139501334302994644}
  - {fileID: 6100266926411072355}
  - {fileID: 4901345555667207110}
  - {fileID: 4376861689261164607}
  - {fileID: 3103541429657515352}
  - {fileID: 7983705539267453823}
  - {fileID: 2375017651650180492}
  m_Father: {fileID: 0}
  m_RootOrder: 0
  m_LocalEulerAnglesHint: {x: -90.00001, y: 0, z: 240.56999}
--- !u!33 &885106969980606769
MeshFilter:
  m_ObjectHideFlags: 0
  m_CorrespondingSourceObject: {fileID: 0}
  m_PrefabInstance: {fileID: 0}
  m_PrefabAsset: {fileID: 0}
  m_GameObject: {fileID: 7111982628731323117}
  m_Mesh: {fileID: 4300000, guid: 5dbd253c2ba21f34e904815f8be335cf, type: 3}
--- !u!23 &2391002662693849727
MeshRenderer:
  m_ObjectHideFlags: 0
  m_CorrespondingSourceObject: {fileID: 0}
  m_PrefabInstance: {fileID: 0}
  m_PrefabAsset: {fileID: 0}
  m_GameObject: {fileID: 7111982628731323117}
  m_Enabled: 1
  m_CastShadows: 1
  m_ReceiveShadows: 1
  m_DynamicOccludee: 1
  m_MotionVectors: 1
  m_LightProbeUsage: 1
  m_ReflectionProbeUsage: 1
  m_RenderingLayerMask: 1
  m_RendererPriority: 0
  m_Materials:
  - {fileID: 2100000, guid: bae770c2433d11f4887ae665e4dea1f7, type: 2}
  m_StaticBatchInfo:
    firstSubMesh: 0
    subMeshCount: 0
  m_StaticBatchRoot: {fileID: 0}
  m_ProbeAnchor: {fileID: 0}
  m_LightProbeVolumeOverride: {fileID: 0}
  m_ScaleInLightmap: 1
  m_PreserveUVs: 0
  m_IgnoreNormalsForChartDetection: 0
  m_ImportantGI: 0
  m_StitchLightmapSeams: 0
  m_SelectedEditorRenderState: 3
  m_MinimumChartSize: 4
  m_AutoUVMaxDistance: 0.5
  m_AutoUVMaxAngle: 89
  m_LightmapParameters: {fileID: 0}
  m_SortingLayerID: 0
  m_SortingLayer: 0
  m_SortingOrder: 0
--- !u!114 &1216129501718082712
MonoBehaviour:
  m_ObjectHideFlags: 0
  m_CorrespondingSourceObject: {fileID: 0}
  m_PrefabInstance: {fileID: 0}
  m_PrefabAsset: {fileID: 0}
  m_GameObject: {fileID: 7111982628731323117}
  m_Enabled: 1
  m_EditorHideFlags: 0
  m_Script: {fileID: 11500000, guid: b81e0851731d46b4f8c6dc78c7f89cd7, type: 3}
  m_Name: 
  m_EditorClassIdentifier: 
  level: 0
  portalInterior: {fileID: 9105807614156326946}
--- !u!1 &7376072401792977369
GameObject:
  m_ObjectHideFlags: 0
  m_CorrespondingSourceObject: {fileID: 0}
  m_PrefabInstance: {fileID: 0}
  m_PrefabAsset: {fileID: 0}
  serializedVersion: 6
  m_Component:
  - component: {fileID: 7135412274614892787}
  - component: {fileID: 2827135149471997929}
  m_Layer: 0
  m_Name: GameObject (2)
  m_TagString: Untagged
  m_Icon: {fileID: 0}
  m_NavMeshLayer: 0
  m_StaticEditorFlags: 0
  m_IsActive: 1
--- !u!4 &7135412274614892787
Transform:
  m_ObjectHideFlags: 0
  m_CorrespondingSourceObject: {fileID: 0}
  m_PrefabInstance: {fileID: 0}
  m_PrefabAsset: {fileID: 0}
  m_GameObject: {fileID: 7376072401792977369}
  m_LocalRotation: {x: 0.106938496, y: -0, z: -0, w: 0.9942657}
  m_LocalPosition: {x: 0, y: 3.3063357, z: 0.79862785}
  m_LocalScale: {x: 1, y: 1.000001, z: 1.000001}
  m_Children: []
  m_Father: {fileID: 5904170281783687999}
  m_RootOrder: 2
  m_LocalEulerAnglesHint: {x: 12.278001, y: 0, z: 0}
--- !u!65 &2827135149471997929
BoxCollider:
  m_ObjectHideFlags: 0
  m_CorrespondingSourceObject: {fileID: 0}
  m_PrefabInstance: {fileID: 0}
  m_PrefabAsset: {fileID: 0}
  m_GameObject: {fileID: 7376072401792977369}
  m_Material: {fileID: 0}
  m_IsTrigger: 0
  m_Enabled: 1
  serializedVersion: 2
  m_Size: {x: 0.6838722, y: 0.7229221, z: 1.6752403}
  m_Center: {x: -0.0005970001, y: -0.031960104, z: -0.06902963}
--- !u!1 &7983705539267624799
GameObject:
  m_ObjectHideFlags: 0
  m_CorrespondingSourceObject: {fileID: 0}
  m_PrefabInstance: {fileID: 0}
  m_PrefabAsset: {fileID: 0}
  serializedVersion: 6
  m_Component:
  - component: {fileID: 7983705539267453823}
  - component: {fileID: 7983705539268748127}
  - component: {fileID: 7983705539269878175}
  - component: {fileID: 7983705539274869919}
  - component: {fileID: 9193654054898588809}
  m_Layer: 0
  m_Name: SM_SupportCristalPortail
  m_TagString: Untagged
  m_Icon: {fileID: 0}
  m_NavMeshLayer: 0
  m_StaticEditorFlags: 0
  m_IsActive: 1
--- !u!4 &7983705539267453823
Transform:
  m_ObjectHideFlags: 0
  m_CorrespondingSourceObject: {fileID: 0}
  m_PrefabInstance: {fileID: 0}
  m_PrefabAsset: {fileID: 0}
  m_GameObject: {fileID: 7983705539267624799}
  m_LocalRotation: {x: 0.000000059604638, y: 0.03792248, z: 0.000000052154057, w: 0.9992807}
  m_LocalPosition: {x: 0.041098595, y: 0.009274006, z: 3.844851}
  m_LocalScale: {x: 5.4393725, y: 6.596861, z: 6.101502}
  m_Children: []
  m_Father: {fileID: 5904170281783687999}
  m_RootOrder: 11
  m_LocalEulerAnglesHint: {x: -85.65301, y: 90.00001, z: -90.00001}
--- !u!33 &7983705539268748127
MeshFilter:
  m_ObjectHideFlags: 0
  m_CorrespondingSourceObject: {fileID: 0}
  m_PrefabInstance: {fileID: 0}
  m_PrefabAsset: {fileID: 0}
  m_GameObject: {fileID: 7983705539267624799}
  m_Mesh: {fileID: 4300000, guid: 0b549c03ca8c0194388c79f9367addc8, type: 3}
--- !u!23 &7983705539269878175
MeshRenderer:
  m_ObjectHideFlags: 0
  m_CorrespondingSourceObject: {fileID: 0}
  m_PrefabInstance: {fileID: 0}
  m_PrefabAsset: {fileID: 0}
  m_GameObject: {fileID: 7983705539267624799}
  m_Enabled: 1
  m_CastShadows: 1
  m_ReceiveShadows: 1
  m_DynamicOccludee: 1
  m_MotionVectors: 1
  m_LightProbeUsage: 1
  m_ReflectionProbeUsage: 1
  m_RenderingLayerMask: 1
  m_RendererPriority: 0
  m_Materials:
  - {fileID: 2100000, guid: bae770c2433d11f4887ae665e4dea1f7, type: 2}
  m_StaticBatchInfo:
    firstSubMesh: 0
    subMeshCount: 0
  m_StaticBatchRoot: {fileID: 0}
  m_ProbeAnchor: {fileID: 0}
  m_LightProbeVolumeOverride: {fileID: 0}
  m_ScaleInLightmap: 1
  m_PreserveUVs: 0
  m_IgnoreNormalsForChartDetection: 0
  m_ImportantGI: 0
  m_StitchLightmapSeams: 0
  m_SelectedEditorRenderState: 3
  m_MinimumChartSize: 4
  m_AutoUVMaxDistance: 0.5
  m_AutoUVMaxAngle: 89
  m_LightmapParameters: {fileID: 0}
  m_SortingLayerID: 0
  m_SortingLayer: 0
  m_SortingOrder: 0
--- !u!95 &7983705539274869919
Animator:
  serializedVersion: 3
  m_ObjectHideFlags: 0
  m_CorrespondingSourceObject: {fileID: 0}
  m_PrefabInstance: {fileID: 0}
  m_PrefabAsset: {fileID: 0}
  m_GameObject: {fileID: 7983705539267624799}
  m_Enabled: 1
  m_Avatar: {fileID: 9000000, guid: 0b549c03ca8c0194388c79f9367addc8, type: 3}
  m_Controller: {fileID: 0}
  m_CullingMode: 0
  m_UpdateMode: 0
  m_ApplyRootMotion: 0
  m_LinearVelocityBlending: 0
  m_WarningMessage: 
  m_HasTransformHierarchy: 1
  m_AllowConstantClipSamplingOptimization: 1
  m_KeepAnimatorControllerStateOnDisable: 0
--- !u!64 &9193654054898588809
MeshCollider:
  m_ObjectHideFlags: 0
  m_CorrespondingSourceObject: {fileID: 0}
  m_PrefabInstance: {fileID: 0}
  m_PrefabAsset: {fileID: 0}
  m_GameObject: {fileID: 7983705539267624799}
  m_Material: {fileID: 0}
  m_IsTrigger: 0
  m_Enabled: 1
  serializedVersion: 3
  m_Convex: 1
  m_CookingOptions: 14
  m_Mesh: {fileID: 4300000, guid: 0b549c03ca8c0194388c79f9367addc8, type: 3}
--- !u!1 &8843381018684275995
GameObject:
  m_ObjectHideFlags: 0
  m_CorrespondingSourceObject: {fileID: 0}
  m_PrefabInstance: {fileID: 0}
  m_PrefabAsset: {fileID: 0}
  serializedVersion: 6
  m_Component:
  - component: {fileID: 6100266926411072355}
  - component: {fileID: 5675099567411963389}
  m_Layer: 0
  m_Name: GameObject (7)
  m_TagString: Untagged
  m_Icon: {fileID: 0}
  m_NavMeshLayer: 0
  m_StaticEditorFlags: 0
  m_IsActive: 1
--- !u!4 &6100266926411072355
Transform:
  m_ObjectHideFlags: 0
  m_CorrespondingSourceObject: {fileID: 0}
  m_PrefabInstance: {fileID: 0}
  m_PrefabAsset: {fileID: 0}
  m_GameObject: {fileID: 8843381018684275995}
  m_LocalRotation: {x: -0.003078339, y: 0.11774054, z: -0.9927004, w: 0.025956452}
  m_LocalPosition: {x: 0, y: -3.324, z: -0.729}
  m_LocalScale: {x: 1, y: 1.000001, z: 1.000001}
  m_Children: []
  m_Father: {fileID: 5904170281783687999}
  m_RootOrder: 7
  m_LocalEulerAnglesHint: {x: 13.509001, y: 0.72, z: -176.919}
--- !u!65 &5675099567411963389
BoxCollider:
  m_ObjectHideFlags: 0
  m_CorrespondingSourceObject: {fileID: 0}
  m_PrefabInstance: {fileID: 0}
  m_PrefabAsset: {fileID: 0}
  m_GameObject: {fileID: 8843381018684275995}
  m_Material: {fileID: 0}
  m_IsTrigger: 0
  m_Enabled: 1
  serializedVersion: 2
  m_Size: {x: 0.6838722, y: 0.7229221, z: 1.6752403}
  m_Center: {x: -0.0005970001, y: -0.031960104, z: -0.06902963}
--- !u!1 &9105807614156326946
GameObject:
  m_ObjectHideFlags: 0
  m_CorrespondingSourceObject: {fileID: 0}
  m_PrefabInstance: {fileID: 0}
  m_PrefabAsset: {fileID: 0}
  serializedVersion: 6
  m_Component:
  - component: {fileID: 2375017651650180492}
  m_Layer: 0
  m_Name: "Fx / Int\xE9rieur"
  m_TagString: Untagged
  m_Icon: {fileID: 0}
  m_NavMeshLayer: 0
  m_StaticEditorFlags: 0
  m_IsActive: 0
--- !u!4 &2375017651650180492
Transform:
  m_ObjectHideFlags: 0
  m_CorrespondingSourceObject: {fileID: 0}
  m_PrefabInstance: {fileID: 0}
  m_PrefabAsset: {fileID: 0}
  m_GameObject: {fileID: 9105807614156326946}
  m_LocalRotation: {x: 0.00000020861626, y: -0.000000059604645, z: 0.7071062, w: 0.7071075}
  m_LocalPosition: {x: -0.00000093719, y: 0.0000016612, z: 2.27e-13}
  m_LocalScale: {x: 2.8399, y: 2.8399, z: 2.8399}
  m_Children:
  - {fileID: 3883859567826376287}
  m_Father: {fileID: 5904170281783687999}
  m_RootOrder: 12
  m_LocalEulerAnglesHint: {x: 0, y: 0, z: 90.00001}
--- !u!1001 &3069214527919043630
PrefabInstance:
  m_ObjectHideFlags: 0
  serializedVersion: 2
  m_Modification:
    m_TransformParent: {fileID: 2375017651650180492}
    m_Modifications:
    - target: {fileID: 2269312736206660208, guid: 09f97c631decb294f96b2f4969d519af,
        type: 3}
      propertyPath: m_Name
      value: FX_portail
      objectReference: {fileID: 0}
    - target: {fileID: 2269312736206660209, guid: 09f97c631decb294f96b2f4969d519af,
        type: 3}
      propertyPath: m_LocalPosition.x
      value: 0
      objectReference: {fileID: 0}
    - target: {fileID: 2269312736206660209, guid: 09f97c631decb294f96b2f4969d519af,
        type: 3}
      propertyPath: m_LocalPosition.y
      value: 0
      objectReference: {fileID: 0}
    - target: {fileID: 2269312736206660209, guid: 09f97c631decb294f96b2f4969d519af,
        type: 3}
      propertyPath: m_LocalPosition.z
      value: 0
      objectReference: {fileID: 0}
    - target: {fileID: 2269312736206660209, guid: 09f97c631decb294f96b2f4969d519af,
        type: 3}
      propertyPath: m_LocalRotation.x
      value: 0
      objectReference: {fileID: 0}
    - target: {fileID: 2269312736206660209, guid: 09f97c631decb294f96b2f4969d519af,
        type: 3}
      propertyPath: m_LocalRotation.y
      value: 0
      objectReference: {fileID: 0}
    - target: {fileID: 2269312736206660209, guid: 09f97c631decb294f96b2f4969d519af,
        type: 3}
      propertyPath: m_LocalRotation.z
      value: 0
      objectReference: {fileID: 0}
    - target: {fileID: 2269312736206660209, guid: 09f97c631decb294f96b2f4969d519af,
        type: 3}
      propertyPath: m_LocalRotation.w
      value: 1
      objectReference: {fileID: 0}
    - target: {fileID: 2269312736206660209, guid: 09f97c631decb294f96b2f4969d519af,
        type: 3}
      propertyPath: m_RootOrder
      value: 0
      objectReference: {fileID: 0}
    - target: {fileID: 2269312736206660209, guid: 09f97c631decb294f96b2f4969d519af,
        type: 3}
      propertyPath: m_LocalEulerAnglesHint.x
      value: 0
      objectReference: {fileID: 0}
    - target: {fileID: 2269312736206660209, guid: 09f97c631decb294f96b2f4969d519af,
        type: 3}
      propertyPath: m_LocalEulerAnglesHint.y
      value: 0
      objectReference: {fileID: 0}
    - target: {fileID: 2269312736206660209, guid: 09f97c631decb294f96b2f4969d519af,
        type: 3}
      propertyPath: m_LocalEulerAnglesHint.z
      value: 0
      objectReference: {fileID: 0}
    - target: {fileID: 2269312737611065096, guid: 09f97c631decb294f96b2f4969d519af,
        type: 3}
      propertyPath: m_LocalScale.x
      value: 0.58835
      objectReference: {fileID: 0}
    - target: {fileID: 2269312737611065096, guid: 09f97c631decb294f96b2f4969d519af,
        type: 3}
      propertyPath: m_LocalScale.y
      value: 0.58835
      objectReference: {fileID: 0}
    - target: {fileID: 2269312737611065096, guid: 09f97c631decb294f96b2f4969d519af,
        type: 3}
      propertyPath: m_LocalScale.z
      value: 0.58835
      objectReference: {fileID: 0}
    - target: {fileID: 2269312737611065102, guid: 09f97c631decb294f96b2f4969d519af,
        type: 3}
      propertyPath: scalingMode
      value: 0
      objectReference: {fileID: 0}
    - target: {fileID: 2269312737442637797, guid: 09f97c631decb294f96b2f4969d519af,
        type: 3}
      propertyPath: m_IsActive
      value: 0
      objectReference: {fileID: 0}
    m_RemovedComponents: []
  m_SourcePrefab: {fileID: 100100000, guid: 09f97c631decb294f96b2f4969d519af, type: 3}
--- !u!4 &3883859567826376287 stripped
Transform:
  m_CorrespondingSourceObject: {fileID: 2269312736206660209, guid: 09f97c631decb294f96b2f4969d519af,
    type: 3}
  m_PrefabInstance: {fileID: 3069214527919043630}
  m_PrefabAsset: {fileID: 0}
