%YAML 1.1
%TAG !u! tag:unity3d.com,2011:
--- !u!1 &1791566947529625394
GameObject:
  m_ObjectHideFlags: 0
  m_CorrespondingSourceObject: {fileID: 0}
  m_PrefabInstance: {fileID: 0}
  m_PrefabAsset: {fileID: 0}
  serializedVersion: 6
  m_Component:
  - component: {fileID: 1791566947529625399}
  - component: {fileID: 1791566947529625398}
  - component: {fileID: 1791566947529625397}
  - component: {fileID: 1791566947529625396}
  - component: {fileID: 1791566947529625395}
  m_Layer: 0
  m_Name: base_support_Prisme
  m_TagString: Untagged
  m_Icon: {fileID: 0}
  m_NavMeshLayer: 0
  m_StaticEditorFlags: 0
  m_IsActive: 1
--- !u!4 &1791566947529625399
Transform:
  m_ObjectHideFlags: 0
  m_CorrespondingSourceObject: {fileID: 0}
  m_PrefabInstance: {fileID: 0}
  m_PrefabAsset: {fileID: 0}
  m_GameObject: {fileID: 1791566947529625394}
  m_LocalRotation: {x: 0, y: 0, z: 0, w: 1}
  m_LocalPosition: {x: 9.97, y: 4.43, z: 0.812}
  m_LocalScale: {x: 1, y: 1, z: 1}
  m_Children: []
  m_Father: {fileID: 0}
  m_RootOrder: 0
  m_LocalEulerAnglesHint: {x: 0, y: 0, z: 0}
--- !u!33 &1791566947529625398
MeshFilter:
  m_ObjectHideFlags: 0
  m_CorrespondingSourceObject: {fileID: 0}
  m_PrefabInstance: {fileID: 0}
  m_PrefabAsset: {fileID: 0}
  m_GameObject: {fileID: 1791566947529625394}
  m_Mesh: {fileID: 0}
--- !u!23 &1791566947529625397
MeshRenderer:
  m_ObjectHideFlags: 0
  m_CorrespondingSourceObject: {fileID: 0}
  m_PrefabInstance: {fileID: 0}
  m_PrefabAsset: {fileID: 0}
  m_GameObject: {fileID: 1791566947529625394}
  m_Enabled: 1
  m_CastShadows: 1
  m_ReceiveShadows: 1
  m_DynamicOccludee: 1
  m_MotionVectors: 1
  m_LightProbeUsage: 1
  m_ReflectionProbeUsage: 1
  m_RenderingLayerMask: 1
  m_RendererPriority: 0
  m_Materials:
  - {fileID: 2100000, guid: 31321ba15b8f8eb4c954353edc038b1d, type: 2}
  m_StaticBatchInfo:
    firstSubMesh: 0
    subMeshCount: 0
  m_StaticBatchRoot: {fileID: 0}
  m_ProbeAnchor: {fileID: 0}
  m_LightProbeVolumeOverride: {fileID: 0}
  m_ScaleInLightmap: 1
  m_PreserveUVs: 0
  m_IgnoreNormalsForChartDetection: 0
  m_ImportantGI: 0
  m_StitchLightmapSeams: 0
  m_SelectedEditorRenderState: 2
  m_MinimumChartSize: 4
  m_AutoUVMaxDistance: 0.5
  m_AutoUVMaxAngle: 89
  m_LightmapParameters: {fileID: 0}
  m_SortingLayerID: 0
  m_SortingLayer: 0
  m_SortingOrder: 0
--- !u!114 &1791566947529625396
MonoBehaviour:
  m_ObjectHideFlags: 0
  m_CorrespondingSourceObject: {fileID: 0}
  m_PrefabInstance: {fileID: 0}
  m_PrefabAsset: {fileID: 0}
  m_GameObject: {fileID: 1791566947529625394}
  m_Enabled: 1
  m_EditorHideFlags: 0
  m_Script: {fileID: 11500000, guid: 8233d90336aea43098adf6dbabd606a2, type: 3}
  m_Name: 
  m_EditorClassIdentifier: 
  m_MeshFormatVersion: 1
  m_Faces:
  - m_Indexes: 000000000100000002000000010000000300000002000000
    m_SmoothingGroup: 0
    m_Uv:
      m_UseWorldSpace: 0
      m_FlipU: 0
      m_FlipV: 0
      m_SwapUV: 0
      m_Fill: 1
      m_Scale: {x: 1, y: 1}
      m_Offset: {x: 0, y: 0}
      m_Rotation: 0
      m_Anchor: 9
    m_Material: {fileID: 0}
    m_SubmeshIndex: 0
    m_ManualUV: 1
    elementGroup: -1
    m_TextureGroup: -1
  - m_Indexes: 040000000500000006000000050000000700000006000000
    m_SmoothingGroup: 0
    m_Uv:
      m_UseWorldSpace: 0
      m_FlipU: 0
      m_FlipV: 0
      m_SwapUV: 0
      m_Fill: 1
      m_Scale: {x: 1, y: 1}
      m_Offset: {x: 0, y: 0}
      m_Rotation: 0
      m_Anchor: 9
    m_Material: {fileID: 0}
    m_SubmeshIndex: 0
    m_ManualUV: 1
    elementGroup: -1
    m_TextureGroup: -1
  - m_Indexes: 08000000090000000a000000090000000b0000000a000000
    m_SmoothingGroup: 0
    m_Uv:
      m_UseWorldSpace: 0
      m_FlipU: 0
      m_FlipV: 0
      m_SwapUV: 0
      m_Fill: 1
      m_Scale: {x: 1, y: 1}
      m_Offset: {x: 0, y: 0}
      m_Rotation: 0
      m_Anchor: 9
    m_Material: {fileID: 0}
    m_SubmeshIndex: 0
    m_ManualUV: 1
    elementGroup: -1
    m_TextureGroup: -1
  - m_Indexes: 0c0000000d0000000e0000000d0000000f0000000e000000
    m_SmoothingGroup: 0
    m_Uv:
      m_UseWorldSpace: 0
      m_FlipU: 0
      m_FlipV: 0
      m_SwapUV: 0
      m_Fill: 1
      m_Scale: {x: 1, y: 1}
      m_Offset: {x: 0, y: 0}
      m_Rotation: 0
      m_Anchor: 9
    m_Material: {fileID: 0}
    m_SubmeshIndex: 0
    m_ManualUV: 1
    elementGroup: -1
    m_TextureGroup: -1
  - m_Indexes: 100000001100000012000000110000001300000012000000
    m_SmoothingGroup: 0
    m_Uv:
      m_UseWorldSpace: 0
      m_FlipU: 0
      m_FlipV: 0
      m_SwapUV: 0
      m_Fill: 1
      m_Scale: {x: 1, y: 1}
      m_Offset: {x: 0, y: 0}
      m_Rotation: 0
      m_Anchor: 9
    m_Material: {fileID: 0}
    m_SubmeshIndex: 0
    m_ManualUV: 0
    elementGroup: -1
    m_TextureGroup: -1
  - m_Indexes: 140000001500000016000000
    m_SmoothingGroup: -1
    m_Uv:
      m_UseWorldSpace: 0
      m_FlipU: 0
      m_FlipV: 0
      m_SwapUV: 0
      m_Fill: 1
      m_Scale: {x: 1, y: 1}
      m_Offset: {x: 0, y: 0}
      m_Rotation: 0
      m_Anchor: 9
    m_Material: {fileID: 2100000, guid: 31321ba15b8f8eb4c954353edc038b1d, type: 2}
    m_SubmeshIndex: 0
    m_ManualUV: 0
    elementGroup: 0
    m_TextureGroup: 1
  - m_Indexes: 1a00000017000000180000001a0000001800000019000000
    m_SmoothingGroup: -1
    m_Uv:
      m_UseWorldSpace: 0
      m_FlipU: 0
      m_FlipV: 0
      m_SwapUV: 0
      m_Fill: 1
      m_Scale: {x: 1, y: 1}
      m_Offset: {x: 0, y: 0}
      m_Rotation: 0
      m_Anchor: 9
    m_Material: {fileID: 2100000, guid: 31321ba15b8f8eb4c954353edc038b1d, type: 2}
    m_SubmeshIndex: 0
    m_ManualUV: 0
    elementGroup: 0
    m_TextureGroup: 1
  - m_Indexes: 1b0000001c0000001d000000
    m_SmoothingGroup: -1
    m_Uv:
      m_UseWorldSpace: 0
      m_FlipU: 0
      m_FlipV: 0
      m_SwapUV: 0
      m_Fill: 1
      m_Scale: {x: 1, y: 1}
      m_Offset: {x: 0, y: 0}
      m_Rotation: 0
      m_Anchor: 9
    m_Material: {fileID: 2100000, guid: 31321ba15b8f8eb4c954353edc038b1d, type: 2}
    m_SubmeshIndex: 0
    m_ManualUV: 0
    elementGroup: 0
    m_TextureGroup: 2
  - m_Indexes: 210000001e0000001f000000210000001f00000020000000
    m_SmoothingGroup: -1
    m_Uv:
      m_UseWorldSpace: 0
      m_FlipU: 0
      m_FlipV: 0
      m_SwapUV: 0
      m_Fill: 1
      m_Scale: {x: 1, y: 1}
      m_Offset: {x: 0, y: 0}
      m_Rotation: 0
      m_Anchor: 9
    m_Material: {fileID: 2100000, guid: 31321ba15b8f8eb4c954353edc038b1d, type: 2}
    m_SubmeshIndex: 0
    m_ManualUV: 0
    elementGroup: 0
    m_TextureGroup: 2
  - m_Indexes: 220000002300000024000000
    m_SmoothingGroup: -1
    m_Uv:
      m_UseWorldSpace: 0
      m_FlipU: 0
      m_FlipV: 0
      m_SwapUV: 0
      m_Fill: 1
      m_Scale: {x: 1, y: 1}
      m_Offset: {x: 0, y: 0}
      m_Rotation: 0
      m_Anchor: 9
    m_Material: {fileID: 2100000, guid: 31321ba15b8f8eb4c954353edc038b1d, type: 2}
    m_SubmeshIndex: 0
    m_ManualUV: 0
    elementGroup: 0
    m_TextureGroup: 3
  - m_Indexes: 270000002800000025000000260000002700000025000000
    m_SmoothingGroup: -1
    m_Uv:
      m_UseWorldSpace: 0
      m_FlipU: 0
      m_FlipV: 0
      m_SwapUV: 0
      m_Fill: 1
      m_Scale: {x: 1, y: 1}
      m_Offset: {x: 0, y: 0}
      m_Rotation: 0
      m_Anchor: 9
    m_Material: {fileID: 2100000, guid: 31321ba15b8f8eb4c954353edc038b1d, type: 2}
    m_SubmeshIndex: 0
    m_ManualUV: 0
    elementGroup: 0
    m_TextureGroup: 3
  - m_Indexes: 290000002a0000002b000000
    m_SmoothingGroup: -1
    m_Uv:
      m_UseWorldSpace: 0
      m_FlipU: 0
      m_FlipV: 0
      m_SwapUV: 0
      m_Fill: 1
      m_Scale: {x: 1, y: 1}
      m_Offset: {x: 0, y: 0}
      m_Rotation: 0
      m_Anchor: 9
    m_Material: {fileID: 2100000, guid: 31321ba15b8f8eb4c954353edc038b1d, type: 2}
    m_SubmeshIndex: 0
    m_ManualUV: 0
    elementGroup: 0
    m_TextureGroup: 4
  - m_Indexes: 2e0000002c0000002d0000002e0000002f0000002c000000
    m_SmoothingGroup: -1
    m_Uv:
      m_UseWorldSpace: 0
      m_FlipU: 0
      m_FlipV: 0
      m_SwapUV: 0
      m_Fill: 1
      m_Scale: {x: 1, y: 1}
      m_Offset: {x: 0, y: 0}
      m_Rotation: 0
      m_Anchor: 9
    m_Material: {fileID: 2100000, guid: 31321ba15b8f8eb4c954353edc038b1d, type: 2}
    m_SubmeshIndex: 0
    m_ManualUV: 0
    elementGroup: 0
    m_TextureGroup: 4
  m_SharedVertices:
  - m_Vertices: 000000000d00000012000000
  - m_Vertices: 010000000400000013000000
  - m_Vertices: 020000000f0000001800000020000000
  - m_Vertices: 03000000060000001900000026000000
  - m_Vertices: 050000000800000011000000
  - m_Vertices: 070000000a000000270000002d000000
  - m_Vertices: 090000000c00000010000000
  - m_Vertices: 0b0000000e0000001f0000002e000000
  - m_Vertices: 140000001b0000002200000029000000
  - m_Vertices: 15000000170000001d00000021000000
  - m_Vertices: 160000001a0000002300000025000000
  - m_Vertices: 1c0000001e0000002b0000002f000000
  - m_Vertices: 24000000280000002a0000002c000000
  m_SharedTextures: []
  m_Positions:
  - {x: 0, y: 0, z: 0}
  - {x: 1, y: 0, z: 0}
  - {x: 0, y: 0.7779944, z: 0}
  - {x: 1, y: 0.7779944, z: 0}
  - {x: 1, y: 0, z: 0}
  - {x: 1, y: 0, z: -1}
  - {x: 1, y: 0.7779944, z: 0}
  - {x: 1, y: 0.7779944, z: -1}
  - {x: 1, y: 0, z: -1}
  - {x: 0, y: 0, z: -1}
  - {x: 1, y: 0.7779944, z: -1}
  - {x: 0, y: 0.7779944, z: -1}
  - {x: 0, y: 0, z: -1}
  - {x: 0, y: 0, z: 0}
  - {x: 0, y: 0.7779944, z: -1}
  - {x: 0, y: 0.7779944, z: 0}
  - {x: 0, y: 0, z: -1}
  - {x: 1, y: 0, z: -1}
  - {x: 0, y: 0, z: 0}
  - {x: 1, y: 0, z: 0}
  - {x: 0.5, y: 0.31757402, z: -0.5}
  - {x: 0.059521675, y: 0.7774234, z: -0.061477482}
  - {x: 0.9404774, y: 0.7774234, z: -0.061477482}
  - {x: 0.059521675, y: 0.7774234, z: -0.061477482}
  - {x: 0, y: 0.7779944, z: 0}
  - {x: 1, y: 0.7779944, z: 0}
  - {x: 0.9404774, y: 0.7774234, z: -0.061477482}
  - {x: 0.5, y: 0.31757402, z: -0.5}
  - {x: 0.059521675, y: 0.7774234, z: -0.93852246}
  - {x: 0.059521675, y: 0.7774234, z: -0.061477482}
  - {x: 0.059521675, y: 0.7774234, z: -0.93852246}
  - {x: 0, y: 0.7779944, z: -1}
  - {x: 0, y: 0.7779944, z: 0}
  - {x: 0.059521675, y: 0.7774234, z: -0.061477482}
  - {x: 0.5, y: 0.31757402, z: -0.5}
  - {x: 0.9404774, y: 0.7774234, z: -0.061477482}
  - {x: 0.9404774, y: 0.7774234, z: -0.93852246}
  - {x: 0.9404774, y: 0.7774234, z: -0.061477482}
  - {x: 1, y: 0.7779944, z: 0}
  - {x: 1, y: 0.7779944, z: -1}
  - {x: 0.9404774, y: 0.7774234, z: -0.93852246}
  - {x: 0.5, y: 0.31757402, z: -0.5}
  - {x: 0.9404774, y: 0.7774234, z: -0.93852246}
  - {x: 0.059521675, y: 0.7774234, z: -0.93852246}
  - {x: 0.9404774, y: 0.7774234, z: -0.93852246}
  - {x: 1, y: 0.7779944, z: -1}
  - {x: 0, y: 0.7779944, z: -1}
  - {x: 0.059521675, y: 0.7774234, z: -0.93852246}
  m_Textures0:
  - {x: 0, y: 0}
  - {x: -1, y: 0}
  - {x: 0, y: 0.7779944}
  - {x: -1, y: 0.7779944}
  - {x: 0, y: 0}
  - {x: -1, y: 0}
  - {x: 0, y: 0.7779944}
  - {x: -1, y: 0.7779944}
  - {x: 1, y: 0}
  - {x: 0, y: 0}
  - {x: 1, y: 0.7779944}
  - {x: 0, y: 0.7779944}
  - {x: 1, y: 0}
  - {x: 0, y: 0}
  - {x: 1, y: 0.7779944}
  - {x: 0, y: 0.7779944}
  - {x: 0, y: -1}
  - {x: -1, y: -1}
  - {x: 0, y: 0}
  - {x: -1, y: 0}
  - {x: 0.5, y: -0.1362197}
  - {x: 0.05952165, y: 0.49878666}
  - {x: 0.9404774, y: 0.49878666}
  - {x: 0.05952165, y: 0.49878666}
  - {x: -0.000000025408303, y: 0.5431971}
  - {x: 1, y: 0.54319715}
  - {x: 0.9404774, y: 0.49878666}
  - {x: 0.13650765, y: -0.5}
  - {x: -0.49988797, y: -0.93852246}
  - {x: -0.49988797, y: -0.061477482}
  - {x: -0.49988797, y: -0.93852246}
  - {x: -0.54291886, y: -1}
  - {x: -0.54291886, y: 6.020687e-11}
  - {x: -0.49988797, y: -0.061477482}
  - {x: 0.579742, y: -0.5}
  - {x: 1.2161369, y: -0.061477482}
  - {x: 1.2161369, y: -0.93852246}
  - {x: 1.2161369, y: -0.061477482}
  - {x: 1.2591685, y: -3.9741027e-10}
  - {x: 1.2591685, y: -1}
  - {x: 1.2161369, y: -0.93852246}
  - {x: 0.5, y: -0.5796812}
  - {x: 0.9404774, y: -1.2146876}
  - {x: 0.059521653, y: -1.2146876}
  - {x: 0.9404774, y: -1.2146876}
  - {x: 1, y: -1.259098}
  - {x: -0.000000022750767, y: -1.259098}
  - {x: 0.059521653, y: -1.2146876}
  m_Textures2: []
  m_Textures3: []
  m_Tangents:
  - {x: -1, y: 0, z: 0, w: -1}
  - {x: -1, y: 0, z: 0, w: -1}
  - {x: -1, y: 0, z: 0, w: -1}
  - {x: -1, y: 0, z: 0, w: -1}
  - {x: 0, y: 0, z: 1, w: -1}
  - {x: 0, y: 0, z: 1, w: -1}
  - {x: 0, y: 0, z: 1, w: -1}
  - {x: 0, y: 0, z: 1, w: -1}
  - {x: 1, y: 0, z: 0, w: -1}
  - {x: 1, y: 0, z: 0, w: -1}
  - {x: 1, y: 0, z: 0, w: -1}
  - {x: 1, y: 0, z: 0, w: -1}
  - {x: 0, y: 0, z: -1, w: -1}
  - {x: 0, y: 0, z: -1, w: -1}
  - {x: 0, y: 0, z: -1, w: -1}
  - {x: 0, y: 0, z: -1, w: -1}
  - {x: -1, y: 0, z: 0, w: -1}
  - {x: -1, y: 0, z: 0, w: -1}
  - {x: -1, y: 0, z: 0, w: -1}
  - {x: -1, y: 0, z: 0, w: -1}
  - {x: 1, y: 0, z: 0, w: -1}
  - {x: 1, y: 0, z: 0, w: -1}
  - {x: 1, y: 0, z: 0, w: -1}
  - {x: 1, y: 0, z: 0, w: -1}
  - {x: 1, y: -3.8318648e-10, z: -0.00000004125538, w: -1}
  - {x: 1, y: -7.663729e-10, z: -0.00000008251076, w: -1}
  - {x: 1, y: -3.8318648e-10, z: -0.00000004125538, w: -1}
  - {x: 0.6917329, y: -0.72215337, z: 0, w: -1}
  - {x: 0.6917329, y: -0.72215337, z: 0, w: -1}
  - {x: 0.6917329, y: -0.72215337, z: 0, w: -1}
  - {x: 0.999954, y: -0.009592912, z: 0, w: -1}
  - {x: 0.999954, y: -0.009592913, z: 0, w: -1}
  - {x: 0.999954, y: -0.009592913, z: 0, w: -1}
  - {x: 0.999954, y: -0.009592913, z: 0, w: -1}
  - {x: 0.69173205, y: 0.72215414, z: 0, w: -1}
  - {x: 0.69173205, y: 0.72215414, z: 0, w: -1}
  - {x: 0.69173205, y: 0.72215414, z: 0, w: -1}
  - {x: 0.999954, y: 0.009592759, z: 0, w: -1}
  - {x: 0.999954, y: 0.009592759, z: 0, w: -1}
  - {x: 0.999954, y: 0.009592759, z: 0, w: -1}
  - {x: 0.999954, y: 0.009592759, z: 0, w: -1}
  - {x: 1, y: 0, z: 0, w: -1}
  - {x: 1, y: 0, z: 0, w: -1}
  - {x: 1, y: 0, z: 0, w: -1}
  - {x: 1, y: 0, z: 0, w: -1}
  - {x: 1, y: 0, z: 0, w: -1}
  - {x: 1, y: 0, z: 0, w: -1}
  - {x: 1, y: 0, z: 0, w: -1}
  m_Colors: []
  m_UnwrapParameters:
    m_HardAngle: 88
    m_PackMargin: 20
    m_AngleError: 8
    m_AreaError: 15
  m_PreserveMeshAssetOnDestroy: 0
  assetGuid: 
  m_IsSelectable: 1
  m_SelectedFaces: 
  m_SelectedEdges: []
  m_SelectedVertices: 
--- !u!64 &1791566947529625395
MeshCollider:
  m_ObjectHideFlags: 0
  m_CorrespondingSourceObject: {fileID: 0}
  m_PrefabInstance: {fileID: 0}
  m_PrefabAsset: {fileID: 0}
  m_GameObject: {fileID: 1791566947529625394}
  m_Material: {fileID: 0}
  m_IsTrigger: 0
  m_Enabled: 1
  serializedVersion: 3
  m_Convex: 0
  m_CookingOptions: 14
  m_Mesh: {fileID: 0}
