%YAML 1.1
%TAG !u! tag:unity3d.com,2011:
--- !u!1 &44431818
GameObject:
  m_ObjectHideFlags: 0
  m_CorrespondingSourceObject: {fileID: 0}
  m_PrefabInstance: {fileID: 0}
  m_PrefabAsset: {fileID: 0}
  serializedVersion: 6
  m_Component:
  - component: {fileID: 44431819}
  - component: {fileID: 44431821}
  - component: {fileID: 44431820}
  m_Layer: 0
  m_Name: Mur1x006 (9)
  m_TagString: Untagged
  m_Icon: {fileID: 0}
  m_NavMeshLayer: 0
  m_StaticEditorFlags: 0
  m_IsActive: 1
--- !u!4 &44431819
Transform:
  m_ObjectHideFlags: 0
  m_CorrespondingSourceObject: {fileID: 0}
  m_PrefabInstance: {fileID: 0}
  m_PrefabAsset: {fileID: 0}
  m_GameObject: {fileID: 44431818}
  m_LocalRotation: {x: -0.002155518, y: -0.0002120479, z: -0.0019757447, w: 0.9999957}
  m_LocalPosition: {x: 0.004672822, y: -0.0058701388, z: -2.8570178}
  m_LocalScale: {x: 0.114619374, y: 1.0000244, z: 2.6579823}
  m_Children: []
  m_Father: {fileID: 500521404}
  m_RootOrder: 6
  m_LocalEulerAnglesHint: {x: 0, y: 0, z: 0}
--- !u!33 &44431821
MeshFilter:
  m_ObjectHideFlags: 0
  m_CorrespondingSourceObject: {fileID: 0}
  m_PrefabInstance: {fileID: 0}
  m_PrefabAsset: {fileID: 0}
  m_GameObject: {fileID: 44431818}
  m_Mesh: {fileID: 4300030, guid: 339ccac9b904e1c43a93fb7fe16d4179, type: 3}
--- !u!23 &44431820
MeshRenderer:
  m_ObjectHideFlags: 0
  m_CorrespondingSourceObject: {fileID: 0}
  m_PrefabInstance: {fileID: 0}
  m_PrefabAsset: {fileID: 0}
  m_GameObject: {fileID: 44431818}
  m_Enabled: 1
  m_CastShadows: 1
  m_ReceiveShadows: 1
  m_DynamicOccludee: 1
  m_MotionVectors: 1
  m_LightProbeUsage: 1
  m_ReflectionProbeUsage: 1
  m_RenderingLayerMask: 1
  m_RendererPriority: 0
  m_Materials:
  - {fileID: 2100000, guid: bae770c2433d11f4887ae665e4dea1f7, type: 2}
  m_StaticBatchInfo:
    firstSubMesh: 0
    subMeshCount: 0
  m_StaticBatchRoot: {fileID: 0}
  m_ProbeAnchor: {fileID: 0}
  m_LightProbeVolumeOverride: {fileID: 0}
  m_ScaleInLightmap: 1
  m_PreserveUVs: 0
  m_IgnoreNormalsForChartDetection: 0
  m_ImportantGI: 0
  m_StitchLightmapSeams: 0
  m_SelectedEditorRenderState: 3
  m_MinimumChartSize: 4
  m_AutoUVMaxDistance: 0.5
  m_AutoUVMaxAngle: 89
  m_LightmapParameters: {fileID: 0}
  m_SortingLayerID: 0
  m_SortingLayer: 0
  m_SortingOrder: 0
--- !u!1 &139109124
GameObject:
  m_ObjectHideFlags: 0
  m_CorrespondingSourceObject: {fileID: 0}
  m_PrefabInstance: {fileID: 0}
  m_PrefabAsset: {fileID: 0}
  serializedVersion: 6
  m_Component:
  - component: {fileID: 139109125}
  - component: {fileID: 139109127}
  - component: {fileID: 139109126}
  m_Layer: 0
  m_Name: Mur1x006 (5)
  m_TagString: Untagged
  m_Icon: {fileID: 0}
  m_NavMeshLayer: 0
  m_StaticEditorFlags: 0
  m_IsActive: 1
--- !u!4 &139109125
Transform:
  m_ObjectHideFlags: 0
  m_CorrespondingSourceObject: {fileID: 0}
  m_PrefabInstance: {fileID: 0}
  m_PrefabAsset: {fileID: 0}
  m_GameObject: {fileID: 139109124}
  m_LocalRotation: {x: -0.0021566865, y: 0.003684676, z: -0.004826932, w: 0.99997926}
  m_LocalPosition: {x: 0.8895886, y: 0.008949833, z: -0.92678696}
  m_LocalScale: {x: 0.13874292, y: 1.0000303, z: 0.99996704}
  m_Children: []
  m_Father: {fileID: 1207173625}
  m_RootOrder: 10
  m_LocalEulerAnglesHint: {x: 0, y: 0, z: 0}
--- !u!33 &139109127
MeshFilter:
  m_ObjectHideFlags: 0
  m_CorrespondingSourceObject: {fileID: 0}
  m_PrefabInstance: {fileID: 0}
  m_PrefabAsset: {fileID: 0}
  m_GameObject: {fileID: 139109124}
  m_Mesh: {fileID: 4300030, guid: 339ccac9b904e1c43a93fb7fe16d4179, type: 3}
--- !u!23 &139109126
MeshRenderer:
  m_ObjectHideFlags: 0
  m_CorrespondingSourceObject: {fileID: 0}
  m_PrefabInstance: {fileID: 0}
  m_PrefabAsset: {fileID: 0}
  m_GameObject: {fileID: 139109124}
  m_Enabled: 1
  m_CastShadows: 1
  m_ReceiveShadows: 1
  m_DynamicOccludee: 1
  m_MotionVectors: 1
  m_LightProbeUsage: 1
  m_ReflectionProbeUsage: 1
  m_RenderingLayerMask: 1
  m_RendererPriority: 0
  m_Materials:
  - {fileID: 2100000, guid: bae770c2433d11f4887ae665e4dea1f7, type: 2}
  m_StaticBatchInfo:
    firstSubMesh: 0
    subMeshCount: 0
  m_StaticBatchRoot: {fileID: 0}
  m_ProbeAnchor: {fileID: 0}
  m_LightProbeVolumeOverride: {fileID: 0}
  m_ScaleInLightmap: 1
  m_PreserveUVs: 0
  m_IgnoreNormalsForChartDetection: 0
  m_ImportantGI: 0
  m_StitchLightmapSeams: 0
  m_SelectedEditorRenderState: 3
  m_MinimumChartSize: 4
  m_AutoUVMaxDistance: 0.5
  m_AutoUVMaxAngle: 89
  m_LightmapParameters: {fileID: 0}
  m_SortingLayerID: 0
  m_SortingLayer: 0
  m_SortingOrder: 0
--- !u!1 &281290326
GameObject:
  m_ObjectHideFlags: 0
  m_CorrespondingSourceObject: {fileID: 0}
  m_PrefabInstance: {fileID: 0}
  m_PrefabAsset: {fileID: 0}
  serializedVersion: 6
  m_Component:
  - component: {fileID: 281290327}
  - component: {fileID: 281290329}
  - component: {fileID: 281290328}
  m_Layer: 0
  m_Name: Mur1x006 (9)
  m_TagString: Untagged
  m_Icon: {fileID: 0}
  m_NavMeshLayer: 0
  m_StaticEditorFlags: 0
  m_IsActive: 1
--- !u!4 &281290327
Transform:
  m_ObjectHideFlags: 0
  m_CorrespondingSourceObject: {fileID: 0}
  m_PrefabInstance: {fileID: 0}
  m_PrefabAsset: {fileID: 0}
  m_GameObject: {fileID: 281290326}
  m_LocalRotation: {x: -0.0021567922, y: 0.0036847082, z: -0.004827022, w: 0.99997926}
  m_LocalPosition: {x: -0.0063090506, y: 0.013170731, z: -2.8574758}
  m_LocalScale: {x: 0.14448433, y: 1.0000296, z: 2.657912}
  m_Children: []
  m_Father: {fileID: 1207173625}
  m_RootOrder: 1
  m_LocalEulerAnglesHint: {x: 0, y: 0, z: 0}
--- !u!33 &281290329
MeshFilter:
  m_ObjectHideFlags: 0
  m_CorrespondingSourceObject: {fileID: 0}
  m_PrefabInstance: {fileID: 0}
  m_PrefabAsset: {fileID: 0}
  m_GameObject: {fileID: 281290326}
  m_Mesh: {fileID: 4300030, guid: 339ccac9b904e1c43a93fb7fe16d4179, type: 3}
--- !u!23 &281290328
MeshRenderer:
  m_ObjectHideFlags: 0
  m_CorrespondingSourceObject: {fileID: 0}
  m_PrefabInstance: {fileID: 0}
  m_PrefabAsset: {fileID: 0}
  m_GameObject: {fileID: 281290326}
  m_Enabled: 1
  m_CastShadows: 1
  m_ReceiveShadows: 1
  m_DynamicOccludee: 1
  m_MotionVectors: 1
  m_LightProbeUsage: 1
  m_ReflectionProbeUsage: 1
  m_RenderingLayerMask: 1
  m_RendererPriority: 0
  m_Materials:
  - {fileID: 2100000, guid: bae770c2433d11f4887ae665e4dea1f7, type: 2}
  m_StaticBatchInfo:
    firstSubMesh: 0
    subMeshCount: 0
  m_StaticBatchRoot: {fileID: 0}
  m_ProbeAnchor: {fileID: 0}
  m_LightProbeVolumeOverride: {fileID: 0}
  m_ScaleInLightmap: 1
  m_PreserveUVs: 0
  m_IgnoreNormalsForChartDetection: 0
  m_ImportantGI: 0
  m_StitchLightmapSeams: 0
  m_SelectedEditorRenderState: 3
  m_MinimumChartSize: 4
  m_AutoUVMaxDistance: 0.5
  m_AutoUVMaxAngle: 89
  m_LightmapParameters: {fileID: 0}
  m_SortingLayerID: 0
  m_SortingLayer: 0
  m_SortingOrder: 0
--- !u!1 &318135353
GameObject:
  m_ObjectHideFlags: 0
  m_CorrespondingSourceObject: {fileID: 0}
  m_PrefabInstance: {fileID: 0}
  m_PrefabAsset: {fileID: 0}
  serializedVersion: 6
  m_Component:
  - component: {fileID: 318135354}
  - component: {fileID: 318135356}
  - component: {fileID: 318135355}
  m_Layer: 0
  m_Name: Mur1x006 (1)
  m_TagString: Untagged
  m_Icon: {fileID: 0}
  m_NavMeshLayer: 0
  m_StaticEditorFlags: 0
  m_IsActive: 1
--- !u!4 &318135354
Transform:
  m_ObjectHideFlags: 0
  m_CorrespondingSourceObject: {fileID: 0}
  m_PrefabInstance: {fileID: 0}
  m_PrefabAsset: {fileID: 0}
  m_GameObject: {fileID: 318135353}
  m_LocalRotation: {x: -0.0021567708, y: 0.0036846763, z: -0.004827022, w: 0.99997926}
  m_LocalPosition: {x: -0.006859488, y: 0.015123373, z: -1.9120836}
  m_LocalScale: {x: 1.0000436, y: 1.000029, z: 1.8752388}
  m_Children: []
  m_Father: {fileID: 1207173625}
  m_RootOrder: 7
  m_LocalEulerAnglesHint: {x: 0, y: 0, z: 0}
--- !u!33 &318135356
MeshFilter:
  m_ObjectHideFlags: 0
  m_CorrespondingSourceObject: {fileID: 0}
  m_PrefabInstance: {fileID: 0}
  m_PrefabAsset: {fileID: 0}
  m_GameObject: {fileID: 318135353}
  m_Mesh: {fileID: 4300030, guid: 339ccac9b904e1c43a93fb7fe16d4179, type: 3}
--- !u!23 &318135355
MeshRenderer:
  m_ObjectHideFlags: 0
  m_CorrespondingSourceObject: {fileID: 0}
  m_PrefabInstance: {fileID: 0}
  m_PrefabAsset: {fileID: 0}
  m_GameObject: {fileID: 318135353}
  m_Enabled: 1
  m_CastShadows: 1
  m_ReceiveShadows: 1
  m_DynamicOccludee: 1
  m_MotionVectors: 1
  m_LightProbeUsage: 1
  m_ReflectionProbeUsage: 1
  m_RenderingLayerMask: 1
  m_RendererPriority: 0
  m_Materials:
  - {fileID: 2100000, guid: bae770c2433d11f4887ae665e4dea1f7, type: 2}
  m_StaticBatchInfo:
    firstSubMesh: 0
    subMeshCount: 0
  m_StaticBatchRoot: {fileID: 0}
  m_ProbeAnchor: {fileID: 0}
  m_LightProbeVolumeOverride: {fileID: 0}
  m_ScaleInLightmap: 1
  m_PreserveUVs: 0
  m_IgnoreNormalsForChartDetection: 0
  m_ImportantGI: 0
  m_StitchLightmapSeams: 0
  m_SelectedEditorRenderState: 3
  m_MinimumChartSize: 4
  m_AutoUVMaxDistance: 0.5
  m_AutoUVMaxAngle: 89
  m_LightmapParameters: {fileID: 0}
  m_SortingLayerID: 0
  m_SortingLayer: 0
  m_SortingOrder: 0
--- !u!1 &369172589
GameObject:
  m_ObjectHideFlags: 0
  m_CorrespondingSourceObject: {fileID: 0}
  m_PrefabInstance: {fileID: 0}
  m_PrefabAsset: {fileID: 0}
  serializedVersion: 6
  m_Component:
  - component: {fileID: 369172590}
  - component: {fileID: 369172592}
  - component: {fileID: 369172591}
  m_Layer: 0
  m_Name: Mur1x006 (2)
  m_TagString: Untagged
  m_Icon: {fileID: 0}
  m_NavMeshLayer: 0
  m_StaticEditorFlags: 0
  m_IsActive: 1
--- !u!4 &369172590
Transform:
  m_ObjectHideFlags: 0
  m_CorrespondingSourceObject: {fileID: 0}
  m_PrefabInstance: {fileID: 0}
  m_PrefabAsset: {fileID: 0}
  m_GameObject: {fileID: 369172589}
  m_LocalRotation: {x: -0.002155518, y: -0.00021204767, z: -0.001975566, w: 0.9999957}
  m_LocalPosition: {x: 0.0010066312, y: -0.009530681, z: -4.656381}
  m_LocalScale: {x: 1, y: 1.0000232, z: 1.7675859}
  m_Children: []
  m_Father: {fileID: 500521404}
  m_RootOrder: 8
  m_LocalEulerAnglesHint: {x: 0, y: 0, z: 0}
--- !u!33 &369172592
MeshFilter:
  m_ObjectHideFlags: 0
  m_CorrespondingSourceObject: {fileID: 0}
  m_PrefabInstance: {fileID: 0}
  m_PrefabAsset: {fileID: 0}
  m_GameObject: {fileID: 369172589}
  m_Mesh: {fileID: 4300030, guid: 339ccac9b904e1c43a93fb7fe16d4179, type: 3}
--- !u!23 &369172591
MeshRenderer:
  m_ObjectHideFlags: 0
  m_CorrespondingSourceObject: {fileID: 0}
  m_PrefabInstance: {fileID: 0}
  m_PrefabAsset: {fileID: 0}
  m_GameObject: {fileID: 369172589}
  m_Enabled: 1
  m_CastShadows: 1
  m_ReceiveShadows: 1
  m_DynamicOccludee: 1
  m_MotionVectors: 1
  m_LightProbeUsage: 1
  m_ReflectionProbeUsage: 1
  m_RenderingLayerMask: 1
  m_RendererPriority: 0
  m_Materials:
  - {fileID: 2100000, guid: bae770c2433d11f4887ae665e4dea1f7, type: 2}
  m_StaticBatchInfo:
    firstSubMesh: 0
    subMeshCount: 0
  m_StaticBatchRoot: {fileID: 0}
  m_ProbeAnchor: {fileID: 0}
  m_LightProbeVolumeOverride: {fileID: 0}
  m_ScaleInLightmap: 1
  m_PreserveUVs: 0
  m_IgnoreNormalsForChartDetection: 0
  m_ImportantGI: 0
  m_StitchLightmapSeams: 0
  m_SelectedEditorRenderState: 3
  m_MinimumChartSize: 4
  m_AutoUVMaxDistance: 0.5
  m_AutoUVMaxAngle: 89
  m_LightmapParameters: {fileID: 0}
  m_SortingLayerID: 0
  m_SortingLayer: 0
  m_SortingOrder: 0
--- !u!1 &500521403
GameObject:
  m_ObjectHideFlags: 0
  m_CorrespondingSourceObject: {fileID: 0}
  m_PrefabInstance: {fileID: 0}
  m_PrefabAsset: {fileID: 0}
  serializedVersion: 6
  m_Component:
  - component: {fileID: 500521404}
  - component: {fileID: 500521406}
  - component: {fileID: 500521405}
  m_Layer: 0
  m_Name: Mur G
  m_TagString: Untagged
  m_Icon: {fileID: 0}
  m_NavMeshLayer: 0
  m_StaticEditorFlags: 0
  m_IsActive: 1
--- !u!4 &500521404
Transform:
  m_ObjectHideFlags: 0
  m_CorrespondingSourceObject: {fileID: 0}
  m_PrefabInstance: {fileID: 0}
  m_PrefabAsset: {fileID: 0}
  m_GameObject: {fileID: 500521403}
  m_LocalRotation: {x: 0.0013734995, y: 0.0016748009, z: 0.7087882, w: 0.7054181}
  m_LocalPosition: {x: 1.0018198, y: -0.9813619, z: 3.0292907}
  m_LocalScale: {x: 0.9440204, y: 0.99428046, z: 0.47120535}
  m_Children:
  - {fileID: 5403466721058837115}
  - {fileID: 5403466722480602083}
  - {fileID: 8074245172801609904}
  - {fileID: 8074245172587970226}
  - {fileID: 673582974}
  - {fileID: 2096120566}
  - {fileID: 44431819}
  - {fileID: 2072836383}
  - {fileID: 369172590}
  - {fileID: 1741807970}
  - {fileID: 1674720751}
  - {fileID: 844001445}
  - {fileID: 1729223649}
  m_Father: {fileID: 8895328714625802273}
  m_RootOrder: 2
  m_LocalEulerAnglesHint: {x: -89.75201, y: -84.267006, z: -5.506}
--- !u!33 &500521406
MeshFilter:
  m_ObjectHideFlags: 0
  m_CorrespondingSourceObject: {fileID: 0}
  m_PrefabInstance: {fileID: 0}
  m_PrefabAsset: {fileID: 0}
  m_GameObject: {fileID: 500521403}
  m_Mesh: {fileID: 4300030, guid: 339ccac9b904e1c43a93fb7fe16d4179, type: 3}
--- !u!23 &500521405
MeshRenderer:
  m_ObjectHideFlags: 0
  m_CorrespondingSourceObject: {fileID: 0}
  m_PrefabInstance: {fileID: 0}
  m_PrefabAsset: {fileID: 0}
  m_GameObject: {fileID: 500521403}
  m_Enabled: 1
  m_CastShadows: 1
  m_ReceiveShadows: 1
  m_DynamicOccludee: 1
  m_MotionVectors: 1
  m_LightProbeUsage: 1
  m_ReflectionProbeUsage: 1
  m_RenderingLayerMask: 1
  m_RendererPriority: 0
  m_Materials:
  - {fileID: 2100000, guid: bae770c2433d11f4887ae665e4dea1f7, type: 2}
  m_StaticBatchInfo:
    firstSubMesh: 0
    subMeshCount: 0
  m_StaticBatchRoot: {fileID: 0}
  m_ProbeAnchor: {fileID: 0}
  m_LightProbeVolumeOverride: {fileID: 0}
  m_ScaleInLightmap: 1
  m_PreserveUVs: 0
  m_IgnoreNormalsForChartDetection: 0
  m_ImportantGI: 0
  m_StitchLightmapSeams: 0
  m_SelectedEditorRenderState: 3
  m_MinimumChartSize: 4
  m_AutoUVMaxDistance: 0.5
  m_AutoUVMaxAngle: 89
  m_LightmapParameters: {fileID: 0}
  m_SortingLayerID: 0
  m_SortingLayer: 0
  m_SortingOrder: 0
--- !u!1 &635160306
GameObject:
  m_ObjectHideFlags: 0
  m_CorrespondingSourceObject: {fileID: 0}
  m_PrefabInstance: {fileID: 0}
  m_PrefabAsset: {fileID: 0}
  serializedVersion: 6
  m_Component:
  - component: {fileID: 635160307}
  - component: {fileID: 635160309}
  - component: {fileID: 635160308}
  m_Layer: 0
  m_Name: Mur1x006 (8)
  m_TagString: Untagged
  m_Icon: {fileID: 0}
  m_NavMeshLayer: 0
  m_StaticEditorFlags: 0
  m_IsActive: 1
--- !u!4 &635160307
Transform:
  m_ObjectHideFlags: 0
  m_CorrespondingSourceObject: {fileID: 0}
  m_PrefabInstance: {fileID: 0}
  m_PrefabAsset: {fileID: 0}
  m_GameObject: {fileID: 635160306}
  m_LocalRotation: {x: -0.002151173, y: 0.0048298766, z: -0.004829575, w: 0.99997437}
  m_LocalPosition: {x: 1.6721706, y: -0.0022408455, z: -2.8821878}
  m_LocalScale: {x: 0.19985428, y: 1.0000303, z: 2.6579354}
  m_Children: []
  m_Father: {fileID: 1207173625}
  m_RootOrder: 0
  m_LocalEulerAnglesHint: {x: -89.87, y: -0.001, z: -89.999}
--- !u!33 &635160309
MeshFilter:
  m_ObjectHideFlags: 0
  m_CorrespondingSourceObject: {fileID: 0}
  m_PrefabInstance: {fileID: 0}
  m_PrefabAsset: {fileID: 0}
  m_GameObject: {fileID: 635160306}
  m_Mesh: {fileID: 4300030, guid: 339ccac9b904e1c43a93fb7fe16d4179, type: 3}
--- !u!23 &635160308
MeshRenderer:
  m_ObjectHideFlags: 0
  m_CorrespondingSourceObject: {fileID: 0}
  m_PrefabInstance: {fileID: 0}
  m_PrefabAsset: {fileID: 0}
  m_GameObject: {fileID: 635160306}
  m_Enabled: 1
  m_CastShadows: 1
  m_ReceiveShadows: 1
  m_DynamicOccludee: 1
  m_MotionVectors: 1
  m_LightProbeUsage: 1
  m_ReflectionProbeUsage: 1
  m_RenderingLayerMask: 1
  m_RendererPriority: 0
  m_Materials:
  - {fileID: 2100000, guid: bae770c2433d11f4887ae665e4dea1f7, type: 2}
  m_StaticBatchInfo:
    firstSubMesh: 0
    subMeshCount: 0
  m_StaticBatchRoot: {fileID: 0}
  m_ProbeAnchor: {fileID: 0}
  m_LightProbeVolumeOverride: {fileID: 0}
  m_ScaleInLightmap: 1
  m_PreserveUVs: 0
  m_IgnoreNormalsForChartDetection: 0
  m_ImportantGI: 0
  m_StitchLightmapSeams: 0
  m_SelectedEditorRenderState: 3
  m_MinimumChartSize: 4
  m_AutoUVMaxDistance: 0.5
  m_AutoUVMaxAngle: 89
  m_LightmapParameters: {fileID: 0}
  m_SortingLayerID: 0
  m_SortingLayer: 0
  m_SortingOrder: 0
--- !u!1 &673582973
GameObject:
  m_ObjectHideFlags: 0
  m_CorrespondingSourceObject: {fileID: 0}
  m_PrefabInstance: {fileID: 0}
  m_PrefabAsset: {fileID: 0}
  serializedVersion: 6
  m_Component:
  - component: {fileID: 673582974}
  - component: {fileID: 673582976}
  - component: {fileID: 673582975}
  m_Layer: 0
  m_Name: Mur1x006 (8)
  m_TagString: Untagged
  m_Icon: {fileID: 0}
  m_NavMeshLayer: 0
  m_StaticEditorFlags: 0
  m_IsActive: 1
--- !u!4 &673582974
Transform:
  m_ObjectHideFlags: 0
  m_CorrespondingSourceObject: {fileID: 0}
  m_PrefabInstance: {fileID: 0}
  m_PrefabAsset: {fileID: 0}
  m_GameObject: {fileID: 673582973}
  m_LocalRotation: {x: 0.002153167, y: -0.00093303516, z: 0.0019779592, w: -0.99999535}
  m_LocalPosition: {x: 1.7085414, y: -0.008259449, z: -2.8555825}
  m_LocalScale: {x: 0.17840596, y: 1.0000242, z: 2.6580465}
  m_Children: []
  m_Father: {fileID: 500521404}
  m_RootOrder: 4
  m_LocalEulerAnglesHint: {x: -89.87, y: -0.001, z: -89.999}
--- !u!33 &673582976
MeshFilter:
  m_ObjectHideFlags: 0
  m_CorrespondingSourceObject: {fileID: 0}
  m_PrefabInstance: {fileID: 0}
  m_PrefabAsset: {fileID: 0}
  m_GameObject: {fileID: 673582973}
  m_Mesh: {fileID: 4300030, guid: 339ccac9b904e1c43a93fb7fe16d4179, type: 3}
--- !u!23 &673582975
MeshRenderer:
  m_ObjectHideFlags: 0
  m_CorrespondingSourceObject: {fileID: 0}
  m_PrefabInstance: {fileID: 0}
  m_PrefabAsset: {fileID: 0}
  m_GameObject: {fileID: 673582973}
  m_Enabled: 1
  m_CastShadows: 1
  m_ReceiveShadows: 1
  m_DynamicOccludee: 1
  m_MotionVectors: 1
  m_LightProbeUsage: 1
  m_ReflectionProbeUsage: 1
  m_RenderingLayerMask: 1
  m_RendererPriority: 0
  m_Materials:
  - {fileID: 2100000, guid: bae770c2433d11f4887ae665e4dea1f7, type: 2}
  m_StaticBatchInfo:
    firstSubMesh: 0
    subMeshCount: 0
  m_StaticBatchRoot: {fileID: 0}
  m_ProbeAnchor: {fileID: 0}
  m_LightProbeVolumeOverride: {fileID: 0}
  m_ScaleInLightmap: 1
  m_PreserveUVs: 0
  m_IgnoreNormalsForChartDetection: 0
  m_ImportantGI: 0
  m_StitchLightmapSeams: 0
  m_SelectedEditorRenderState: 3
  m_MinimumChartSize: 4
  m_AutoUVMaxDistance: 0.5
  m_AutoUVMaxAngle: 89
  m_LightmapParameters: {fileID: 0}
  m_SortingLayerID: 0
  m_SortingLayer: 0
  m_SortingOrder: 0
--- !u!1 &698638313
GameObject:
  m_ObjectHideFlags: 0
  m_CorrespondingSourceObject: {fileID: 0}
  m_PrefabInstance: {fileID: 0}
  m_PrefabAsset: {fileID: 0}
  serializedVersion: 6
  m_Component:
  - component: {fileID: 698638314}
  - component: {fileID: 698638316}
  - component: {fileID: 698638315}
  m_Layer: 0
  m_Name: Toit
  m_TagString: Untagged
  m_Icon: {fileID: 0}
  m_NavMeshLayer: 0
  m_StaticEditorFlags: 0
  m_IsActive: 1
--- !u!4 &698638314
Transform:
  m_ObjectHideFlags: 0
  m_CorrespondingSourceObject: {fileID: 0}
  m_PrefabInstance: {fileID: 0}
  m_PrefabAsset: {fileID: 0}
  m_GameObject: {fileID: 698638313}
  m_LocalRotation: {x: -0.0000000745058, y: -0, z: 0.0004075318, w: 1}
  m_LocalPosition: {x: 0.9946378, y: -0.99079067, z: 3.0242836}
  m_LocalScale: {x: 1.9930199, y: 1.9958464, z: 2.0954397}
  m_Children:
  - {fileID: 2073308911}
  m_Father: {fileID: 8895328714625802273}
  m_RootOrder: 0
  m_LocalEulerAnglesHint: {x: 0, y: 0, z: 0}
--- !u!33 &698638316
MeshFilter:
  m_ObjectHideFlags: 0
  m_CorrespondingSourceObject: {fileID: 0}
  m_PrefabInstance: {fileID: 0}
  m_PrefabAsset: {fileID: 0}
  m_GameObject: {fileID: 698638313}
  m_Mesh: {fileID: 4300028, guid: 339ccac9b904e1c43a93fb7fe16d4179, type: 3}
--- !u!23 &698638315
MeshRenderer:
  m_ObjectHideFlags: 0
  m_CorrespondingSourceObject: {fileID: 0}
  m_PrefabInstance: {fileID: 0}
  m_PrefabAsset: {fileID: 0}
  m_GameObject: {fileID: 698638313}
  m_Enabled: 1
  m_CastShadows: 1
  m_ReceiveShadows: 1
  m_DynamicOccludee: 1
  m_MotionVectors: 1
  m_LightProbeUsage: 1
  m_ReflectionProbeUsage: 1
  m_RenderingLayerMask: 1
  m_RendererPriority: 0
  m_Materials:
  - {fileID: 2100000, guid: bae770c2433d11f4887ae665e4dea1f7, type: 2}
  m_StaticBatchInfo:
    firstSubMesh: 0
    subMeshCount: 0
  m_StaticBatchRoot: {fileID: 0}
  m_ProbeAnchor: {fileID: 0}
  m_LightProbeVolumeOverride: {fileID: 0}
  m_ScaleInLightmap: 1
  m_PreserveUVs: 0
  m_IgnoreNormalsForChartDetection: 0
  m_ImportantGI: 0
  m_StitchLightmapSeams: 0
  m_SelectedEditorRenderState: 3
  m_MinimumChartSize: 4
  m_AutoUVMaxDistance: 0.5
  m_AutoUVMaxAngle: 89
  m_LightmapParameters: {fileID: 0}
  m_SortingLayerID: 0
  m_SortingLayer: 0
  m_SortingOrder: 0
--- !u!1 &844001444
GameObject:
  m_ObjectHideFlags: 0
  m_CorrespondingSourceObject: {fileID: 0}
  m_PrefabInstance: {fileID: 0}
  m_PrefabAsset: {fileID: 0}
  serializedVersion: 6
  m_Component:
  - component: {fileID: 844001445}
  - component: {fileID: 844001447}
  - component: {fileID: 844001446}
  m_Layer: 0
  m_Name: Mur1x006 (7)
  m_TagString: Untagged
  m_Icon: {fileID: 0}
  m_NavMeshLayer: 0
  m_StaticEditorFlags: 0
  m_IsActive: 1
--- !u!4 &844001445
Transform:
  m_ObjectHideFlags: 0
  m_CorrespondingSourceObject: {fileID: 0}
  m_PrefabInstance: {fileID: 0}
  m_PrefabAsset: {fileID: 0}
  m_GameObject: {fileID: 844001444}
  m_LocalRotation: {x: -0.0021554758, y: -0.0002120901, z: -0.001975715, w: 0.9999957}
  m_LocalPosition: {x: 1.8666898, y: -0.008882424, z: -0.9115823}
  m_LocalScale: {x: 0.114617184, y: 1.0000234, z: 1}
  m_Children: []
  m_Father: {fileID: 500521404}
  m_RootOrder: 11
  m_LocalEulerAnglesHint: {x: 0, y: 0, z: 0}
--- !u!33 &844001447
MeshFilter:
  m_ObjectHideFlags: 0
  m_CorrespondingSourceObject: {fileID: 0}
  m_PrefabInstance: {fileID: 0}
  m_PrefabAsset: {fileID: 0}
  m_GameObject: {fileID: 844001444}
  m_Mesh: {fileID: 4300030, guid: 339ccac9b904e1c43a93fb7fe16d4179, type: 3}
--- !u!23 &844001446
MeshRenderer:
  m_ObjectHideFlags: 0
  m_CorrespondingSourceObject: {fileID: 0}
  m_PrefabInstance: {fileID: 0}
  m_PrefabAsset: {fileID: 0}
  m_GameObject: {fileID: 844001444}
  m_Enabled: 1
  m_CastShadows: 1
  m_ReceiveShadows: 1
  m_DynamicOccludee: 1
  m_MotionVectors: 1
  m_LightProbeUsage: 1
  m_ReflectionProbeUsage: 1
  m_RenderingLayerMask: 1
  m_RendererPriority: 0
  m_Materials:
  - {fileID: 2100000, guid: bae770c2433d11f4887ae665e4dea1f7, type: 2}
  m_StaticBatchInfo:
    firstSubMesh: 0
    subMeshCount: 0
  m_StaticBatchRoot: {fileID: 0}
  m_ProbeAnchor: {fileID: 0}
  m_LightProbeVolumeOverride: {fileID: 0}
  m_ScaleInLightmap: 1
  m_PreserveUVs: 0
  m_IgnoreNormalsForChartDetection: 0
  m_ImportantGI: 0
  m_StitchLightmapSeams: 0
  m_SelectedEditorRenderState: 3
  m_MinimumChartSize: 4
  m_AutoUVMaxDistance: 0.5
  m_AutoUVMaxAngle: 89
  m_LightmapParameters: {fileID: 0}
  m_SortingLayerID: 0
  m_SortingLayer: 0
  m_SortingOrder: 0
--- !u!1 &1006443954
GameObject:
  m_ObjectHideFlags: 0
  m_CorrespondingSourceObject: {fileID: 0}
  m_PrefabInstance: {fileID: 0}
  m_PrefabAsset: {fileID: 0}
  serializedVersion: 6
  m_Component:
  - component: {fileID: 1006443955}
  - component: {fileID: 1006443957}
  - component: {fileID: 1006443956}
  m_Layer: 0
  m_Name: Mur Dos
  m_TagString: Untagged
  m_Icon: {fileID: 0}
  m_NavMeshLayer: 0
  m_StaticEditorFlags: 0
  m_IsActive: 1
--- !u!4 &1006443955
Transform:
  m_ObjectHideFlags: 0
  m_CorrespondingSourceObject: {fileID: 0}
  m_PrefabInstance: {fileID: 0}
  m_PrefabAsset: {fileID: 0}
  m_GameObject: {fileID: 1006443954}
  m_LocalRotation: {x: 0.000000014901161, y: 0.00000017881393, z: 1, w: -0.00040756166}
  m_LocalPosition: {x: 0.9932586, y: 1.0028147, z: 3.0242822}
  m_LocalScale: {x: 0.9844368, y: 0.953458, z: 3.009}
  m_Children: []
  m_Father: {fileID: 8895328714625802273}
  m_RootOrder: 3
  m_LocalEulerAnglesHint: {x: 0, y: 0, z: 0}
--- !u!33 &1006443957
MeshFilter:
  m_ObjectHideFlags: 0
  m_CorrespondingSourceObject: {fileID: 0}
  m_PrefabInstance: {fileID: 0}
  m_PrefabAsset: {fileID: 0}
  m_GameObject: {fileID: 1006443954}
  m_Mesh: {fileID: 4300026, guid: 339ccac9b904e1c43a93fb7fe16d4179, type: 3}
--- !u!23 &1006443956
MeshRenderer:
  m_ObjectHideFlags: 0
  m_CorrespondingSourceObject: {fileID: 0}
  m_PrefabInstance: {fileID: 0}
  m_PrefabAsset: {fileID: 0}
  m_GameObject: {fileID: 1006443954}
  m_Enabled: 1
  m_CastShadows: 1
  m_ReceiveShadows: 1
  m_DynamicOccludee: 1
  m_MotionVectors: 1
  m_LightProbeUsage: 1
  m_ReflectionProbeUsage: 1
  m_RenderingLayerMask: 1
  m_RendererPriority: 0
  m_Materials:
  - {fileID: 2100000, guid: bae770c2433d11f4887ae665e4dea1f7, type: 2}
  m_StaticBatchInfo:
    firstSubMesh: 0
    subMeshCount: 0
  m_StaticBatchRoot: {fileID: 0}
  m_ProbeAnchor: {fileID: 0}
  m_LightProbeVolumeOverride: {fileID: 0}
  m_ScaleInLightmap: 1
  m_PreserveUVs: 0
  m_IgnoreNormalsForChartDetection: 0
  m_ImportantGI: 0
  m_StitchLightmapSeams: 0
  m_SelectedEditorRenderState: 3
  m_MinimumChartSize: 4
  m_AutoUVMaxDistance: 0.5
  m_AutoUVMaxAngle: 89
  m_LightmapParameters: {fileID: 0}
  m_SortingLayerID: 0
  m_SortingLayer: 0
  m_SortingOrder: 0
--- !u!1 &1040585484
GameObject:
  m_ObjectHideFlags: 0
  m_CorrespondingSourceObject: {fileID: 0}
  m_PrefabInstance: {fileID: 0}
  m_PrefabAsset: {fileID: 0}
  serializedVersion: 6
  m_Component:
  - component: {fileID: 1040585485}
  - component: {fileID: 1040585487}
  - component: {fileID: 1040585486}
  m_Layer: 0
  m_Name: Mur
  m_TagString: Untagged
  m_Icon: {fileID: 0}
  m_NavMeshLayer: 0
  m_StaticEditorFlags: 0
  m_IsActive: 1
--- !u!4 &1040585485
Transform:
  m_ObjectHideFlags: 0
  m_CorrespondingSourceObject: {fileID: 0}
  m_PrefabInstance: {fileID: 0}
  m_PrefabAsset: {fileID: 0}
  m_GameObject: {fileID: 1040585484}
  m_LocalRotation: {x: 0.000000044691337, y: -0.00000002982053, z: -0.000000014930261,
    w: 1}
  m_LocalPosition: {x: -0.005001001, y: -0.00014722036, z: 1.991653}
  m_LocalScale: {x: 1, y: 1, z: 1.0955007}
  m_Children: []
  m_Father: {fileID: 8114844724003260474}
  m_RootOrder: 0
  m_LocalEulerAnglesHint: {x: 0, y: 0, z: 0}
--- !u!33 &1040585487
MeshFilter:
  m_ObjectHideFlags: 0
  m_CorrespondingSourceObject: {fileID: 0}
  m_PrefabInstance: {fileID: 0}
  m_PrefabAsset: {fileID: 0}
  m_GameObject: {fileID: 1040585484}
  m_Mesh: {fileID: 4300010, guid: 339ccac9b904e1c43a93fb7fe16d4179, type: 3}
--- !u!23 &1040585486
MeshRenderer:
  m_ObjectHideFlags: 0
  m_CorrespondingSourceObject: {fileID: 0}
  m_PrefabInstance: {fileID: 0}
  m_PrefabAsset: {fileID: 0}
  m_GameObject: {fileID: 1040585484}
  m_Enabled: 1
  m_CastShadows: 1
  m_ReceiveShadows: 1
  m_DynamicOccludee: 1
  m_MotionVectors: 1
  m_LightProbeUsage: 1
  m_ReflectionProbeUsage: 1
  m_RenderingLayerMask: 1
  m_RendererPriority: 0
  m_Materials:
  - {fileID: 2100000, guid: bae770c2433d11f4887ae665e4dea1f7, type: 2}
  m_StaticBatchInfo:
    firstSubMesh: 0
    subMeshCount: 0
  m_StaticBatchRoot: {fileID: 0}
  m_ProbeAnchor: {fileID: 0}
  m_LightProbeVolumeOverride: {fileID: 0}
  m_ScaleInLightmap: 1
  m_PreserveUVs: 0
  m_IgnoreNormalsForChartDetection: 0
  m_ImportantGI: 0
  m_StitchLightmapSeams: 0
  m_SelectedEditorRenderState: 3
  m_MinimumChartSize: 4
  m_AutoUVMaxDistance: 0.5
  m_AutoUVMaxAngle: 89
  m_LightmapParameters: {fileID: 0}
  m_SortingLayerID: 0
  m_SortingLayer: 0
  m_SortingOrder: 0
--- !u!1 &1083629508
GameObject:
  m_ObjectHideFlags: 0
  m_CorrespondingSourceObject: {fileID: 0}
  m_PrefabInstance: {fileID: 0}
  m_PrefabAsset: {fileID: 0}
  serializedVersion: 6
  m_Component:
  - component: {fileID: 1083629509}
  - component: {fileID: 1083629511}
  - component: {fileID: 1083629510}
  m_Layer: 0
  m_Name: Mur1x006 (3)
  m_TagString: Untagged
  m_Icon: {fileID: 0}
  m_NavMeshLayer: 0
  m_StaticEditorFlags: 0
  m_IsActive: 1
--- !u!4 &1083629509
Transform:
  m_ObjectHideFlags: 0
  m_CorrespondingSourceObject: {fileID: 0}
  m_PrefabInstance: {fileID: 0}
  m_PrefabAsset: {fileID: 0}
  m_GameObject: {fileID: 1083629508}
  m_LocalRotation: {x: -0.0021567708, y: 0.0036846763, z: -0.004827022, w: 0.99997926}
  m_LocalPosition: {x: -0.0031765802, y: 0.01714768, z: -0.9136454}
  m_LocalScale: {x: 0.13046308, y: 1.000029, z: 0.9999673}
  m_Children: []
  m_Father: {fileID: 1207173625}
  m_RootOrder: 9
  m_LocalEulerAnglesHint: {x: 0, y: 0, z: 0}
--- !u!33 &1083629511
MeshFilter:
  m_ObjectHideFlags: 0
  m_CorrespondingSourceObject: {fileID: 0}
  m_PrefabInstance: {fileID: 0}
  m_PrefabAsset: {fileID: 0}
  m_GameObject: {fileID: 1083629508}
  m_Mesh: {fileID: 4300030, guid: 339ccac9b904e1c43a93fb7fe16d4179, type: 3}
--- !u!23 &1083629510
MeshRenderer:
  m_ObjectHideFlags: 0
  m_CorrespondingSourceObject: {fileID: 0}
  m_PrefabInstance: {fileID: 0}
  m_PrefabAsset: {fileID: 0}
  m_GameObject: {fileID: 1083629508}
  m_Enabled: 1
  m_CastShadows: 1
  m_ReceiveShadows: 1
  m_DynamicOccludee: 1
  m_MotionVectors: 1
  m_LightProbeUsage: 1
  m_ReflectionProbeUsage: 1
  m_RenderingLayerMask: 1
  m_RendererPriority: 0
  m_Materials:
  - {fileID: 2100000, guid: bae770c2433d11f4887ae665e4dea1f7, type: 2}
  m_StaticBatchInfo:
    firstSubMesh: 0
    subMeshCount: 0
  m_StaticBatchRoot: {fileID: 0}
  m_ProbeAnchor: {fileID: 0}
  m_LightProbeVolumeOverride: {fileID: 0}
  m_ScaleInLightmap: 1
  m_PreserveUVs: 0
  m_IgnoreNormalsForChartDetection: 0
  m_ImportantGI: 0
  m_StitchLightmapSeams: 0
  m_SelectedEditorRenderState: 3
  m_MinimumChartSize: 4
  m_AutoUVMaxDistance: 0.5
  m_AutoUVMaxAngle: 89
  m_LightmapParameters: {fileID: 0}
  m_SortingLayerID: 0
  m_SortingLayer: 0
  m_SortingOrder: 0
--- !u!1 &1207173624
GameObject:
  m_ObjectHideFlags: 0
  m_CorrespondingSourceObject: {fileID: 0}
  m_PrefabInstance: {fileID: 0}
  m_PrefabAsset: {fileID: 0}
  serializedVersion: 6
  m_Component:
  - component: {fileID: 1207173625}
  - component: {fileID: 1207173627}
  - component: {fileID: 1207173626}
  m_Layer: 0
  m_Name: Mur D
  m_TagString: Untagged
  m_Icon: {fileID: 0}
  m_NavMeshLayer: 0
  m_StaticEditorFlags: 0
  m_IsActive: 1
--- !u!4 &1207173625
Transform:
  m_ObjectHideFlags: 0
  m_CorrespondingSourceObject: {fileID: 0}
  m_PrefabInstance: {fileID: 0}
  m_PrefabAsset: {fileID: 0}
  m_GameObject: {fileID: 1207173624}
  m_LocalRotation: {x: -0.0010788438, y: -0.0041309884, z: -0.7033894, w: 0.7107919}
  m_LocalPosition: {x: -1.0191573, y: 0.99545354, z: 3.024418}
  m_LocalScale: {x: 0.9440256, y: 0.99427724, z: 0.47120345}
  m_Children:
  - {fileID: 635160307}
  - {fileID: 281290327}
  - {fileID: 1848341628}
  - {fileID: 5403466722285711997}
  - {fileID: 5403466720532164036}
  - {fileID: 8074245173618050508}
  - {fileID: 8074245172502603517}
  - {fileID: 318135354}
  - {fileID: 1636502278}
  - {fileID: 1083629509}
  - {fileID: 139109125}
  - {fileID: 1650147005}
  m_Father: {fileID: 8895328714625802273}
  m_RootOrder: 4
  m_LocalEulerAnglesHint: {x: -89.511, y: -149.38301, z: 59.937004}
--- !u!33 &1207173627
MeshFilter:
  m_ObjectHideFlags: 0
  m_CorrespondingSourceObject: {fileID: 0}
  m_PrefabInstance: {fileID: 0}
  m_PrefabAsset: {fileID: 0}
  m_GameObject: {fileID: 1207173624}
  m_Mesh: {fileID: 4300030, guid: 339ccac9b904e1c43a93fb7fe16d4179, type: 3}
--- !u!23 &1207173626
MeshRenderer:
  m_ObjectHideFlags: 0
  m_CorrespondingSourceObject: {fileID: 0}
  m_PrefabInstance: {fileID: 0}
  m_PrefabAsset: {fileID: 0}
  m_GameObject: {fileID: 1207173624}
  m_Enabled: 1
  m_CastShadows: 1
  m_ReceiveShadows: 1
  m_DynamicOccludee: 1
  m_MotionVectors: 1
  m_LightProbeUsage: 1
  m_ReflectionProbeUsage: 1
  m_RenderingLayerMask: 1
  m_RendererPriority: 0
  m_Materials:
  - {fileID: 2100000, guid: bae770c2433d11f4887ae665e4dea1f7, type: 2}
  m_StaticBatchInfo:
    firstSubMesh: 0
    subMeshCount: 0
  m_StaticBatchRoot: {fileID: 0}
  m_ProbeAnchor: {fileID: 0}
  m_LightProbeVolumeOverride: {fileID: 0}
  m_ScaleInLightmap: 1
  m_PreserveUVs: 0
  m_IgnoreNormalsForChartDetection: 0
  m_ImportantGI: 0
  m_StitchLightmapSeams: 0
  m_SelectedEditorRenderState: 3
  m_MinimumChartSize: 4
  m_AutoUVMaxDistance: 0.5
  m_AutoUVMaxAngle: 89
  m_LightmapParameters: {fileID: 0}
  m_SortingLayerID: 0
  m_SortingLayer: 0
  m_SortingOrder: 0
--- !u!1 &1636502277
GameObject:
  m_ObjectHideFlags: 0
  m_CorrespondingSourceObject: {fileID: 0}
  m_PrefabInstance: {fileID: 0}
  m_PrefabAsset: {fileID: 0}
  serializedVersion: 6
  m_Component:
  - component: {fileID: 1636502278}
  - component: {fileID: 1636502280}
  - component: {fileID: 1636502279}
  m_Layer: 0
  m_Name: Mur1x006 (2)
  m_TagString: Untagged
  m_Icon: {fileID: 0}
  m_NavMeshLayer: 0
  m_StaticEditorFlags: 0
  m_IsActive: 1
--- !u!4 &1636502278
Transform:
  m_ObjectHideFlags: 0
  m_CorrespondingSourceObject: {fileID: 0}
  m_PrefabInstance: {fileID: 0}
  m_PrefabAsset: {fileID: 0}
  m_GameObject: {fileID: 1636502277}
  m_LocalRotation: {x: -0.002156713, y: 0.0036846711, z: -0.0048269625, w: 0.99997926}
  m_LocalPosition: {x: -0.01707086, y: 0.00951199, z: -4.680102}
  m_LocalScale: {x: 1.0000432, y: 1.000029, z: 1.7281555}
  m_Children: []
  m_Father: {fileID: 1207173625}
  m_RootOrder: 8
  m_LocalEulerAnglesHint: {x: 0, y: 0, z: 0}
--- !u!33 &1636502280
MeshFilter:
  m_ObjectHideFlags: 0
  m_CorrespondingSourceObject: {fileID: 0}
  m_PrefabInstance: {fileID: 0}
  m_PrefabAsset: {fileID: 0}
  m_GameObject: {fileID: 1636502277}
  m_Mesh: {fileID: 4300030, guid: 339ccac9b904e1c43a93fb7fe16d4179, type: 3}
--- !u!23 &1636502279
MeshRenderer:
  m_ObjectHideFlags: 0
  m_CorrespondingSourceObject: {fileID: 0}
  m_PrefabInstance: {fileID: 0}
  m_PrefabAsset: {fileID: 0}
  m_GameObject: {fileID: 1636502277}
  m_Enabled: 1
  m_CastShadows: 1
  m_ReceiveShadows: 1
  m_DynamicOccludee: 1
  m_MotionVectors: 1
  m_LightProbeUsage: 1
  m_ReflectionProbeUsage: 1
  m_RenderingLayerMask: 1
  m_RendererPriority: 0
  m_Materials:
  - {fileID: 2100000, guid: bae770c2433d11f4887ae665e4dea1f7, type: 2}
  m_StaticBatchInfo:
    firstSubMesh: 0
    subMeshCount: 0
  m_StaticBatchRoot: {fileID: 0}
  m_ProbeAnchor: {fileID: 0}
  m_LightProbeVolumeOverride: {fileID: 0}
  m_ScaleInLightmap: 1
  m_PreserveUVs: 0
  m_IgnoreNormalsForChartDetection: 0
  m_ImportantGI: 0
  m_StitchLightmapSeams: 0
  m_SelectedEditorRenderState: 3
  m_MinimumChartSize: 4
  m_AutoUVMaxDistance: 0.5
  m_AutoUVMaxAngle: 89
  m_LightmapParameters: {fileID: 0}
  m_SortingLayerID: 0
  m_SortingLayer: 0
  m_SortingOrder: 0
--- !u!1 &1650147004
GameObject:
  m_ObjectHideFlags: 0
  m_CorrespondingSourceObject: {fileID: 0}
  m_PrefabInstance: {fileID: 0}
  m_PrefabAsset: {fileID: 0}
  serializedVersion: 6
  m_Component:
  - component: {fileID: 1650147005}
  - component: {fileID: 1650147007}
  - component: {fileID: 1650147006}
  m_Layer: 0
  m_Name: Mur1x006 (7)
  m_TagString: Untagged
  m_Icon: {fileID: 0}
  m_NavMeshLayer: 0
  m_StaticEditorFlags: 0
  m_IsActive: 1
--- !u!4 &1650147005
Transform:
  m_ObjectHideFlags: 0
  m_CorrespondingSourceObject: {fileID: 0}
  m_PrefabInstance: {fileID: 0}
  m_PrefabAsset: {fileID: 0}
  m_GameObject: {fileID: 1650147004}
  m_LocalRotation: {x: -0.0021567922, y: 0.0036847082, z: -0.004827022, w: 0.99997926}
  m_LocalPosition: {x: 1.8631463, y: 0.000011150274, z: -0.94112116}
  m_LocalScale: {x: 0.114622325, y: 1.0000292, z: 0.9999672}
  m_Children: []
  m_Father: {fileID: 1207173625}
  m_RootOrder: 11
  m_LocalEulerAnglesHint: {x: 0, y: 0, z: 0}
--- !u!33 &1650147007
MeshFilter:
  m_ObjectHideFlags: 0
  m_CorrespondingSourceObject: {fileID: 0}
  m_PrefabInstance: {fileID: 0}
  m_PrefabAsset: {fileID: 0}
  m_GameObject: {fileID: 1650147004}
  m_Mesh: {fileID: 4300030, guid: 339ccac9b904e1c43a93fb7fe16d4179, type: 3}
--- !u!23 &1650147006
MeshRenderer:
  m_ObjectHideFlags: 0
  m_CorrespondingSourceObject: {fileID: 0}
  m_PrefabInstance: {fileID: 0}
  m_PrefabAsset: {fileID: 0}
  m_GameObject: {fileID: 1650147004}
  m_Enabled: 1
  m_CastShadows: 1
  m_ReceiveShadows: 1
  m_DynamicOccludee: 1
  m_MotionVectors: 1
  m_LightProbeUsage: 1
  m_ReflectionProbeUsage: 1
  m_RenderingLayerMask: 1
  m_RendererPriority: 0
  m_Materials:
  - {fileID: 2100000, guid: bae770c2433d11f4887ae665e4dea1f7, type: 2}
  m_StaticBatchInfo:
    firstSubMesh: 0
    subMeshCount: 0
  m_StaticBatchRoot: {fileID: 0}
  m_ProbeAnchor: {fileID: 0}
  m_LightProbeVolumeOverride: {fileID: 0}
  m_ScaleInLightmap: 1
  m_PreserveUVs: 0
  m_IgnoreNormalsForChartDetection: 0
  m_ImportantGI: 0
  m_StitchLightmapSeams: 0
  m_SelectedEditorRenderState: 3
  m_MinimumChartSize: 4
  m_AutoUVMaxDistance: 0.5
  m_AutoUVMaxAngle: 89
  m_LightmapParameters: {fileID: 0}
  m_SortingLayerID: 0
  m_SortingLayer: 0
  m_SortingOrder: 0
--- !u!1 &1658572154
GameObject:
  m_ObjectHideFlags: 0
  m_CorrespondingSourceObject: {fileID: 0}
  m_PrefabInstance: {fileID: 0}
  m_PrefabAsset: {fileID: 0}
  serializedVersion: 6
  m_Component:
  - component: {fileID: 1658572155}
  m_Layer: 0
  m_Name: GameObject
  m_TagString: Untagged
  m_Icon: {fileID: 0}
  m_NavMeshLayer: 0
  m_StaticEditorFlags: 0
  m_IsActive: 1
--- !u!4 &1658572155
Transform:
  m_ObjectHideFlags: 0
  m_CorrespondingSourceObject: {fileID: 0}
  m_PrefabInstance: {fileID: 0}
  m_PrefabAsset: {fileID: 0}
  m_GameObject: {fileID: 1658572154}
  m_LocalRotation: {x: 0, y: 0, z: 0, w: 1}
  m_LocalPosition: {x: 0.031, y: -0, z: 1.543}
  m_LocalScale: {x: 1.9919543, y: 1.9911778, z: 3.1288614}
  m_Children: []
  m_Father: {fileID: 1742104354}
  m_RootOrder: 0
  m_LocalEulerAnglesHint: {x: 0, y: 0, z: 0}
--- !u!1 &1674720750
GameObject:
  m_ObjectHideFlags: 0
  m_CorrespondingSourceObject: {fileID: 0}
  m_PrefabInstance: {fileID: 0}
  m_PrefabAsset: {fileID: 0}
  serializedVersion: 6
  m_Component:
  - component: {fileID: 1674720751}
  - component: {fileID: 1674720753}
  - component: {fileID: 1674720752}
  m_Layer: 0
  m_Name: Mur1x006 (5)
  m_TagString: Untagged
  m_Icon: {fileID: 0}
  m_NavMeshLayer: 0
  m_StaticEditorFlags: 0
  m_IsActive: 1
--- !u!4 &1674720751
Transform:
  m_ObjectHideFlags: 0
  m_CorrespondingSourceObject: {fileID: 0}
  m_PrefabInstance: {fileID: 0}
  m_PrefabAsset: {fileID: 0}
  m_GameObject: {fileID: 1674720750}
  m_LocalRotation: {x: -0.002155539, y: -0.00021206868, z: -0.0019756255, w: 0.99999577}
  m_LocalPosition: {x: 0.89305997, y: -0.0052310205, z: -0.91242766}
  m_LocalScale: {x: 0.13873655, y: 1.0000243, z: 1}
  m_Children: []
  m_Father: {fileID: 500521404}
  m_RootOrder: 10
  m_LocalEulerAnglesHint: {x: 0, y: 0, z: 0}
--- !u!33 &1674720753
MeshFilter:
  m_ObjectHideFlags: 0
  m_CorrespondingSourceObject: {fileID: 0}
  m_PrefabInstance: {fileID: 0}
  m_PrefabAsset: {fileID: 0}
  m_GameObject: {fileID: 1674720750}
  m_Mesh: {fileID: 4300030, guid: 339ccac9b904e1c43a93fb7fe16d4179, type: 3}
--- !u!23 &1674720752
MeshRenderer:
  m_ObjectHideFlags: 0
  m_CorrespondingSourceObject: {fileID: 0}
  m_PrefabInstance: {fileID: 0}
  m_PrefabAsset: {fileID: 0}
  m_GameObject: {fileID: 1674720750}
  m_Enabled: 1
  m_CastShadows: 1
  m_ReceiveShadows: 1
  m_DynamicOccludee: 1
  m_MotionVectors: 1
  m_LightProbeUsage: 1
  m_ReflectionProbeUsage: 1
  m_RenderingLayerMask: 1
  m_RendererPriority: 0
  m_Materials:
  - {fileID: 2100000, guid: bae770c2433d11f4887ae665e4dea1f7, type: 2}
  m_StaticBatchInfo:
    firstSubMesh: 0
    subMeshCount: 0
  m_StaticBatchRoot: {fileID: 0}
  m_ProbeAnchor: {fileID: 0}
  m_LightProbeVolumeOverride: {fileID: 0}
  m_ScaleInLightmap: 1
  m_PreserveUVs: 0
  m_IgnoreNormalsForChartDetection: 0
  m_ImportantGI: 0
  m_StitchLightmapSeams: 0
  m_SelectedEditorRenderState: 3
  m_MinimumChartSize: 4
  m_AutoUVMaxDistance: 0.5
  m_AutoUVMaxAngle: 89
  m_LightmapParameters: {fileID: 0}
  m_SortingLayerID: 0
  m_SortingLayer: 0
  m_SortingOrder: 0
--- !u!1 &1729223648
GameObject:
  m_ObjectHideFlags: 0
  m_CorrespondingSourceObject: {fileID: 0}
  m_PrefabInstance: {fileID: 0}
  m_PrefabAsset: {fileID: 0}
  serializedVersion: 6
  m_Component:
  - component: {fileID: 1729223649}
  - component: {fileID: 1729223651}
  - component: {fileID: 1729223650}
  m_Layer: 0
  m_Name: Mur1x006 (9)
  m_TagString: Untagged
  m_Icon: {fileID: 0}
  m_NavMeshLayer: 0
  m_StaticEditorFlags: 0
  m_IsActive: 1
--- !u!4 &1729223649
Transform:
  m_ObjectHideFlags: 0
  m_CorrespondingSourceObject: {fileID: 0}
  m_PrefabInstance: {fileID: 0}
  m_PrefabAsset: {fileID: 0}
  m_GameObject: {fileID: 1729223648}
  m_LocalRotation: {x: 0.0021555393, y: 0.00021215269, z: 0.0019754467, w: -0.9999957}
  m_LocalPosition: {x: 0.029924452, y: -0.0019647274, z: -2.8570375}
  m_LocalScale: {x: 0.1554594, y: 1.0000236, z: 2.6579762}
  m_Children: []
  m_Father: {fileID: 500521404}
  m_RootOrder: 12
  m_LocalEulerAnglesHint: {x: 0, y: 0, z: 0}
--- !u!33 &1729223651
MeshFilter:
  m_ObjectHideFlags: 0
  m_CorrespondingSourceObject: {fileID: 0}
  m_PrefabInstance: {fileID: 0}
  m_PrefabAsset: {fileID: 0}
  m_GameObject: {fileID: 1729223648}
  m_Mesh: {fileID: 4300030, guid: 339ccac9b904e1c43a93fb7fe16d4179, type: 3}
--- !u!23 &1729223650
MeshRenderer:
  m_ObjectHideFlags: 0
  m_CorrespondingSourceObject: {fileID: 0}
  m_PrefabInstance: {fileID: 0}
  m_PrefabAsset: {fileID: 0}
  m_GameObject: {fileID: 1729223648}
  m_Enabled: 1
  m_CastShadows: 1
  m_ReceiveShadows: 1
  m_DynamicOccludee: 1
  m_MotionVectors: 1
  m_LightProbeUsage: 1
  m_ReflectionProbeUsage: 1
  m_RenderingLayerMask: 1
  m_RendererPriority: 0
  m_Materials:
  - {fileID: 2100000, guid: bae770c2433d11f4887ae665e4dea1f7, type: 2}
  m_StaticBatchInfo:
    firstSubMesh: 0
    subMeshCount: 0
  m_StaticBatchRoot: {fileID: 0}
  m_ProbeAnchor: {fileID: 0}
  m_LightProbeVolumeOverride: {fileID: 0}
  m_ScaleInLightmap: 1
  m_PreserveUVs: 0
  m_IgnoreNormalsForChartDetection: 0
  m_ImportantGI: 0
  m_StitchLightmapSeams: 0
  m_SelectedEditorRenderState: 3
  m_MinimumChartSize: 4
  m_AutoUVMaxDistance: 0.5
  m_AutoUVMaxAngle: 89
  m_LightmapParameters: {fileID: 0}
  m_SortingLayerID: 0
  m_SortingLayer: 0
  m_SortingOrder: 0
--- !u!1 &1741807969
GameObject:
  m_ObjectHideFlags: 0
  m_CorrespondingSourceObject: {fileID: 0}
  m_PrefabInstance: {fileID: 0}
  m_PrefabAsset: {fileID: 0}
  serializedVersion: 6
  m_Component:
  - component: {fileID: 1741807970}
  - component: {fileID: 1741807972}
  - component: {fileID: 1741807971}
  m_Layer: 0
  m_Name: Mur1x006 (3)
  m_TagString: Untagged
  m_Icon: {fileID: 0}
  m_NavMeshLayer: 0
  m_StaticEditorFlags: 0
  m_IsActive: 1
--- !u!4 &1741807970
Transform:
  m_ObjectHideFlags: 0
  m_CorrespondingSourceObject: {fileID: 0}
  m_PrefabInstance: {fileID: 0}
  m_PrefabAsset: {fileID: 0}
  m_GameObject: {fileID: 1741807969}
  m_LocalRotation: {x: -0.002155518, y: -0.00021204767, z: -0.001975566, w: 0.9999957}
  m_LocalPosition: {x: 0.00022880606, y: -0.0018813084, z: -0.913202}
  m_LocalScale: {x: 0.13045728, y: 1.0000232, z: 1}
  m_Children: []
  m_Father: {fileID: 500521404}
  m_RootOrder: 9
  m_LocalEulerAnglesHint: {x: 0, y: 0, z: 0}
--- !u!33 &1741807972
MeshFilter:
  m_ObjectHideFlags: 0
  m_CorrespondingSourceObject: {fileID: 0}
  m_PrefabInstance: {fileID: 0}
  m_PrefabAsset: {fileID: 0}
  m_GameObject: {fileID: 1741807969}
  m_Mesh: {fileID: 4300030, guid: 339ccac9b904e1c43a93fb7fe16d4179, type: 3}
--- !u!23 &1741807971
MeshRenderer:
  m_ObjectHideFlags: 0
  m_CorrespondingSourceObject: {fileID: 0}
  m_PrefabInstance: {fileID: 0}
  m_PrefabAsset: {fileID: 0}
  m_GameObject: {fileID: 1741807969}
  m_Enabled: 1
  m_CastShadows: 1
  m_ReceiveShadows: 1
  m_DynamicOccludee: 1
  m_MotionVectors: 1
  m_LightProbeUsage: 1
  m_ReflectionProbeUsage: 1
  m_RenderingLayerMask: 1
  m_RendererPriority: 0
  m_Materials:
  - {fileID: 2100000, guid: bae770c2433d11f4887ae665e4dea1f7, type: 2}
  m_StaticBatchInfo:
    firstSubMesh: 0
    subMeshCount: 0
  m_StaticBatchRoot: {fileID: 0}
  m_ProbeAnchor: {fileID: 0}
  m_LightProbeVolumeOverride: {fileID: 0}
  m_ScaleInLightmap: 1
  m_PreserveUVs: 0
  m_IgnoreNormalsForChartDetection: 0
  m_ImportantGI: 0
  m_StitchLightmapSeams: 0
  m_SelectedEditorRenderState: 3
  m_MinimumChartSize: 4
  m_AutoUVMaxDistance: 0.5
  m_AutoUVMaxAngle: 89
  m_LightmapParameters: {fileID: 0}
  m_SortingLayerID: 0
  m_SortingLayer: 0
  m_SortingOrder: 0
--- !u!1 &1742104353
GameObject:
  m_ObjectHideFlags: 0
  m_CorrespondingSourceObject: {fileID: 0}
  m_PrefabInstance: {fileID: 0}
  m_PrefabAsset: {fileID: 0}
  serializedVersion: 6
  m_Component:
  - component: {fileID: 1742104354}
  m_Layer: 0
  m_Name: Collider (1)
  m_TagString: Untagged
  m_Icon: {fileID: 0}
  m_NavMeshLayer: 0
  m_StaticEditorFlags: 0
  m_IsActive: 1
--- !u!4 &1742104354
Transform:
  m_ObjectHideFlags: 0
  m_CorrespondingSourceObject: {fileID: 0}
  m_PrefabInstance: {fileID: 0}
  m_PrefabAsset: {fileID: 0}
  m_GameObject: {fileID: 1742104353}
  m_LocalRotation: {x: 0, y: 0, z: 0, w: 1}
  m_LocalPosition: {x: -0.03, y: 0, z: -0}
  m_LocalScale: {x: 1.0106827, y: 1.0405383, z: 1.0253}
  m_Children:
  - {fileID: 1658572155}
  m_Father: {fileID: 8895328714625802273}
  m_RootOrder: 5
  m_LocalEulerAnglesHint: {x: 0, y: 0, z: 0}
--- !u!1 &1848341627
GameObject:
  m_ObjectHideFlags: 0
  m_CorrespondingSourceObject: {fileID: 0}
  m_PrefabInstance: {fileID: 0}
  m_PrefabAsset: {fileID: 0}
  serializedVersion: 6
  m_Component:
  - component: {fileID: 1848341628}
  - component: {fileID: 1848341630}
  - component: {fileID: 1848341629}
  m_Layer: 0
  m_Name: Mur1x006 (10)
  m_TagString: Untagged
  m_Icon: {fileID: 0}
  m_NavMeshLayer: 0
  m_StaticEditorFlags: 0
  m_IsActive: 1
--- !u!4 &1848341628
Transform:
  m_ObjectHideFlags: 0
  m_CorrespondingSourceObject: {fileID: 0}
  m_PrefabInstance: {fileID: 0}
  m_PrefabAsset: {fileID: 0}
  m_GameObject: {fileID: 1848341627}
  m_LocalRotation: {x: -0.0021567922, y: 0.0036847082, z: -0.004827022, w: 0.99997926}
  m_LocalPosition: {x: 0.7460779, y: 0.0062615382, z: -2.8685527}
  m_LocalScale: {x: 0.2426044, y: 1.0000296, z: 2.657912}
  m_Children: []
  m_Father: {fileID: 1207173625}
  m_RootOrder: 2
  m_LocalEulerAnglesHint: {x: 0, y: 0, z: 0}
--- !u!33 &1848341630
MeshFilter:
  m_ObjectHideFlags: 0
  m_CorrespondingSourceObject: {fileID: 0}
  m_PrefabInstance: {fileID: 0}
  m_PrefabAsset: {fileID: 0}
  m_GameObject: {fileID: 1848341627}
  m_Mesh: {fileID: 4300030, guid: 339ccac9b904e1c43a93fb7fe16d4179, type: 3}
--- !u!23 &1848341629
MeshRenderer:
  m_ObjectHideFlags: 0
  m_CorrespondingSourceObject: {fileID: 0}
  m_PrefabInstance: {fileID: 0}
  m_PrefabAsset: {fileID: 0}
  m_GameObject: {fileID: 1848341627}
  m_Enabled: 1
  m_CastShadows: 1
  m_ReceiveShadows: 1
  m_DynamicOccludee: 1
  m_MotionVectors: 1
  m_LightProbeUsage: 1
  m_ReflectionProbeUsage: 1
  m_RenderingLayerMask: 1
  m_RendererPriority: 0
  m_Materials:
  - {fileID: 2100000, guid: bae770c2433d11f4887ae665e4dea1f7, type: 2}
  m_StaticBatchInfo:
    firstSubMesh: 0
    subMeshCount: 0
  m_StaticBatchRoot: {fileID: 0}
  m_ProbeAnchor: {fileID: 0}
  m_LightProbeVolumeOverride: {fileID: 0}
  m_ScaleInLightmap: 1
  m_PreserveUVs: 0
  m_IgnoreNormalsForChartDetection: 0
  m_ImportantGI: 0
  m_StitchLightmapSeams: 0
  m_SelectedEditorRenderState: 3
  m_MinimumChartSize: 4
  m_AutoUVMaxDistance: 0.5
  m_AutoUVMaxAngle: 89
  m_LightmapParameters: {fileID: 0}
  m_SortingLayerID: 0
  m_SortingLayer: 0
  m_SortingOrder: 0
--- !u!1 &2072836382
GameObject:
  m_ObjectHideFlags: 0
  m_CorrespondingSourceObject: {fileID: 0}
  m_PrefabInstance: {fileID: 0}
  m_PrefabAsset: {fileID: 0}
  serializedVersion: 6
  m_Component:
  - component: {fileID: 2072836383}
  - component: {fileID: 2072836385}
  - component: {fileID: 2072836384}
  m_Layer: 0
  m_Name: Mur1x006 (1)
  m_TagString: Untagged
  m_Icon: {fileID: 0}
  m_NavMeshLayer: 0
  m_StaticEditorFlags: 0
  m_IsActive: 1
--- !u!4 &2072836383
Transform:
  m_ObjectHideFlags: 0
  m_CorrespondingSourceObject: {fileID: 0}
  m_PrefabInstance: {fileID: 0}
  m_PrefabAsset: {fileID: 0}
  m_GameObject: {fileID: 2072836382}
  m_LocalRotation: {x: -0.002155518, y: -0.00021204767, z: -0.001975566, w: 0.9999957}
  m_LocalPosition: {x: 0.00043592296, y: -0.0039216853, z: -1.9116658}
  m_LocalScale: {x: 1, y: 1.0000232, z: 1.7548862}
  m_Children: []
  m_Father: {fileID: 500521404}
  m_RootOrder: 7
  m_LocalEulerAnglesHint: {x: 0, y: 0, z: 0}
--- !u!33 &2072836385
MeshFilter:
  m_ObjectHideFlags: 0
  m_CorrespondingSourceObject: {fileID: 0}
  m_PrefabInstance: {fileID: 0}
  m_PrefabAsset: {fileID: 0}
  m_GameObject: {fileID: 2072836382}
  m_Mesh: {fileID: 4300030, guid: 339ccac9b904e1c43a93fb7fe16d4179, type: 3}
--- !u!23 &2072836384
MeshRenderer:
  m_ObjectHideFlags: 0
  m_CorrespondingSourceObject: {fileID: 0}
  m_PrefabInstance: {fileID: 0}
  m_PrefabAsset: {fileID: 0}
  m_GameObject: {fileID: 2072836382}
  m_Enabled: 1
  m_CastShadows: 1
  m_ReceiveShadows: 1
  m_DynamicOccludee: 1
  m_MotionVectors: 1
  m_LightProbeUsage: 1
  m_ReflectionProbeUsage: 1
  m_RenderingLayerMask: 1
  m_RendererPriority: 0
  m_Materials:
  - {fileID: 2100000, guid: bae770c2433d11f4887ae665e4dea1f7, type: 2}
  m_StaticBatchInfo:
    firstSubMesh: 0
    subMeshCount: 0
  m_StaticBatchRoot: {fileID: 0}
  m_ProbeAnchor: {fileID: 0}
  m_LightProbeVolumeOverride: {fileID: 0}
  m_ScaleInLightmap: 1
  m_PreserveUVs: 0
  m_IgnoreNormalsForChartDetection: 0
  m_ImportantGI: 0
  m_StitchLightmapSeams: 0
  m_SelectedEditorRenderState: 3
  m_MinimumChartSize: 4
  m_AutoUVMaxDistance: 0.5
  m_AutoUVMaxAngle: 89
  m_LightmapParameters: {fileID: 0}
  m_SortingLayerID: 0
  m_SortingLayer: 0
  m_SortingOrder: 0
--- !u!1 &2073308910
GameObject:
  m_ObjectHideFlags: 0
  m_CorrespondingSourceObject: {fileID: 0}
  m_PrefabInstance: {fileID: 0}
  m_PrefabAsset: {fileID: 0}
  serializedVersion: 6
  m_Component:
  - component: {fileID: 2073308911}
  - component: {fileID: 2073308913}
  - component: {fileID: 2073308912}
  - component: {fileID: 695595508340517490}
  m_Layer: 0
  m_Name: ToitSphere
  m_TagString: Untagged
  m_Icon: {fileID: 0}
  m_NavMeshLayer: 0
  m_StaticEditorFlags: 0
  m_IsActive: 1
--- !u!4 &2073308911
Transform:
  m_ObjectHideFlags: 0
  m_CorrespondingSourceObject: {fileID: 0}
  m_PrefabInstance: {fileID: 0}
  m_PrefabAsset: {fileID: 0}
  m_GameObject: {fileID: 2073308910}
  m_LocalRotation: {x: 0.000000029796247, y: -0.0000000149133, z: -0.000000014930261,
    w: 1}
  m_LocalPosition: {x: -0.50428945, y: 0.5168011, z: 0.010626987}
  m_LocalScale: {x: 0.47151095, y: 0.45151085, z: 0.45151085}
  m_Children: []
  m_Father: {fileID: 698638314}
  m_RootOrder: 0
  m_LocalEulerAnglesHint: {x: 0, y: 0, z: 0}
--- !u!33 &2073308913
MeshFilter:
  m_ObjectHideFlags: 0
  m_CorrespondingSourceObject: {fileID: 0}
  m_PrefabInstance: {fileID: 0}
  m_PrefabAsset: {fileID: 0}
  m_GameObject: {fileID: 2073308910}
  m_Mesh: {fileID: 4300022, guid: 339ccac9b904e1c43a93fb7fe16d4179, type: 3}
--- !u!23 &2073308912
MeshRenderer:
  m_ObjectHideFlags: 0
  m_CorrespondingSourceObject: {fileID: 0}
  m_PrefabInstance: {fileID: 0}
  m_PrefabAsset: {fileID: 0}
  m_GameObject: {fileID: 2073308910}
  m_Enabled: 1
  m_CastShadows: 1
  m_ReceiveShadows: 1
  m_DynamicOccludee: 1
  m_MotionVectors: 1
  m_LightProbeUsage: 1
  m_ReflectionProbeUsage: 1
  m_RenderingLayerMask: 1
  m_RendererPriority: 0
  m_Materials:
  - {fileID: 2100000, guid: bae770c2433d11f4887ae665e4dea1f7, type: 2}
  m_StaticBatchInfo:
    firstSubMesh: 0
    subMeshCount: 0
  m_StaticBatchRoot: {fileID: 0}
  m_ProbeAnchor: {fileID: 0}
  m_LightProbeVolumeOverride: {fileID: 0}
  m_ScaleInLightmap: 1
  m_PreserveUVs: 0
  m_IgnoreNormalsForChartDetection: 0
  m_ImportantGI: 0
  m_StitchLightmapSeams: 0
  m_SelectedEditorRenderState: 3
  m_MinimumChartSize: 4
  m_AutoUVMaxDistance: 0.5
  m_AutoUVMaxAngle: 89
  m_LightmapParameters: {fileID: 0}
  m_SortingLayerID: 0
  m_SortingLayer: 0
  m_SortingOrder: 0
--- !u!135 &695595508340517490
SphereCollider:
  m_ObjectHideFlags: 0
  m_CorrespondingSourceObject: {fileID: 0}
  m_PrefabInstance: {fileID: 0}
  m_PrefabAsset: {fileID: 0}
  m_GameObject: {fileID: 2073308910}
  m_Material: {fileID: 0}
  m_IsTrigger: 0
  m_Enabled: 1
  serializedVersion: 2
  m_Radius: 1.0000006
  m_Center: {x: 0, y: 0, z: 0}
--- !u!1 &2096120565
GameObject:
  m_ObjectHideFlags: 0
  m_CorrespondingSourceObject: {fileID: 0}
  m_PrefabInstance: {fileID: 0}
  m_PrefabAsset: {fileID: 0}
  serializedVersion: 6
  m_Component:
  - component: {fileID: 2096120566}
  - component: {fileID: 2096120568}
  - component: {fileID: 2096120567}
  m_Layer: 0
  m_Name: Mur1x006 (10)
  m_TagString: Untagged
  m_Icon: {fileID: 0}
  m_NavMeshLayer: 0
  m_StaticEditorFlags: 0
  m_IsActive: 1
--- !u!4 &2096120566
Transform:
  m_ObjectHideFlags: 0
  m_CorrespondingSourceObject: {fileID: 0}
  m_PrefabInstance: {fileID: 0}
  m_PrefabAsset: {fileID: 0}
  m_GameObject: {fileID: 2096120565}
  m_LocalRotation: {x: 0.0021555393, y: 0.00021215269, z: 0.0019754467, w: -0.9999957}
  m_LocalPosition: {x: 0.7823736, y: -0.0047868094, z: -2.8563855}
  m_LocalScale: {x: 0.24259552, y: 1.0000236, z: 2.6579762}
  m_Children: []
  m_Father: {fileID: 500521404}
  m_RootOrder: 5
  m_LocalEulerAnglesHint: {x: 0, y: 0, z: 0}
--- !u!33 &2096120568
MeshFilter:
  m_ObjectHideFlags: 0
  m_CorrespondingSourceObject: {fileID: 0}
  m_PrefabInstance: {fileID: 0}
  m_PrefabAsset: {fileID: 0}
  m_GameObject: {fileID: 2096120565}
  m_Mesh: {fileID: 4300030, guid: 339ccac9b904e1c43a93fb7fe16d4179, type: 3}
--- !u!23 &2096120567
MeshRenderer:
  m_ObjectHideFlags: 0
  m_CorrespondingSourceObject: {fileID: 0}
  m_PrefabInstance: {fileID: 0}
  m_PrefabAsset: {fileID: 0}
  m_GameObject: {fileID: 2096120565}
  m_Enabled: 1
  m_CastShadows: 1
  m_ReceiveShadows: 1
  m_DynamicOccludee: 1
  m_MotionVectors: 1
  m_LightProbeUsage: 1
  m_ReflectionProbeUsage: 1
  m_RenderingLayerMask: 1
  m_RendererPriority: 0
  m_Materials:
  - {fileID: 2100000, guid: bae770c2433d11f4887ae665e4dea1f7, type: 2}
  m_StaticBatchInfo:
    firstSubMesh: 0
    subMeshCount: 0
  m_StaticBatchRoot: {fileID: 0}
  m_ProbeAnchor: {fileID: 0}
  m_LightProbeVolumeOverride: {fileID: 0}
  m_ScaleInLightmap: 1
  m_PreserveUVs: 0
  m_IgnoreNormalsForChartDetection: 0
  m_ImportantGI: 0
  m_StitchLightmapSeams: 0
  m_SelectedEditorRenderState: 3
  m_MinimumChartSize: 4
  m_AutoUVMaxDistance: 0.5
  m_AutoUVMaxAngle: 89
  m_LightmapParameters: {fileID: 0}
  m_SortingLayerID: 0
  m_SortingLayer: 0
  m_SortingOrder: 0
--- !u!65 &7048045537852484072
BoxCollider:
  m_ObjectHideFlags: 0
  m_CorrespondingSourceObject: {fileID: 0}
  m_PrefabInstance: {fileID: 0}
  m_PrefabAsset: {fileID: 0}
  m_GameObject: {fileID: 8895328714626038785}
  m_Material: {fileID: 0}
  m_IsTrigger: 0
  m_Enabled: 1
  serializedVersion: 2
  m_Size: {x: 2.0000012, y: 2.0000012, z: 3.1026547}
  m_Center: {x: 0.000000063094106, y: 0.00000012100709, z: 1.5597651}
--- !u!1001 &480345332779403130
PrefabInstance:
  m_ObjectHideFlags: 0
  serializedVersion: 2
  m_Modification:
    m_TransformParent: {fileID: 1207173625}
    m_Modifications:
    - target: {fileID: 5500724541261100702, guid: c7f614b6be86d6e4f94b73e1684e8274,
        type: 3}
      propertyPath: m_Name
      value: SM_Fenetre1x1_4 (2)
      objectReference: {fileID: 0}
    - target: {fileID: 5500724541261064894, guid: c7f614b6be86d6e4f94b73e1684e8274,
        type: 3}
      propertyPath: m_LocalPosition.x
      value: 0.79186696
      objectReference: {fileID: 0}
    - target: {fileID: 5500724541261064894, guid: c7f614b6be86d6e4f94b73e1684e8274,
        type: 3}
      propertyPath: m_LocalPosition.y
      value: 0.044841487
      objectReference: {fileID: 0}
    - target: {fileID: 5500724541261064894, guid: c7f614b6be86d6e4f94b73e1684e8274,
        type: 3}
      propertyPath: m_LocalPosition.z
      value: -4.8113685
      objectReference: {fileID: 0}
    - target: {fileID: 5500724541261064894, guid: c7f614b6be86d6e4f94b73e1684e8274,
        type: 3}
      propertyPath: m_LocalRotation.x
      value: -0.0021493135
      objectReference: {fileID: 0}
    - target: {fileID: 5500724541261064894, guid: c7f614b6be86d6e4f94b73e1684e8274,
        type: 3}
      propertyPath: m_LocalRotation.y
      value: 0.003689068
      objectReference: {fileID: 0}
    - target: {fileID: 5500724541261064894, guid: c7f614b6be86d6e4f94b73e1684e8274,
        type: 3}
      propertyPath: m_LocalRotation.z
      value: -0.002800822
      objectReference: {fileID: 0}
    - target: {fileID: 5500724541261064894, guid: c7f614b6be86d6e4f94b73e1684e8274,
        type: 3}
      propertyPath: m_LocalRotation.w
      value: 0.999987
      objectReference: {fileID: 0}
    - target: {fileID: 5500724541261064894, guid: c7f614b6be86d6e4f94b73e1684e8274,
        type: 3}
      propertyPath: m_RootOrder
      value: 4
      objectReference: {fileID: 0}
    - target: {fileID: 5500724541261064894, guid: c7f614b6be86d6e4f94b73e1684e8274,
        type: 3}
      propertyPath: m_LocalEulerAnglesHint.x
      value: -90.00001
      objectReference: {fileID: 0}
    - target: {fileID: 5500724541261064894, guid: c7f614b6be86d6e4f94b73e1684e8274,
        type: 3}
      propertyPath: m_LocalEulerAnglesHint.y
      value: 0
      objectReference: {fileID: 0}
    - target: {fileID: 5500724541261064894, guid: c7f614b6be86d6e4f94b73e1684e8274,
        type: 3}
      propertyPath: m_LocalEulerAnglesHint.z
      value: -89.768005
      objectReference: {fileID: 0}
    - target: {fileID: 5500724541261064894, guid: c7f614b6be86d6e4f94b73e1684e8274,
        type: 3}
      propertyPath: m_LocalScale.x
      value: 0.53770137
      objectReference: {fileID: 0}
    - target: {fileID: 5500724541261064894, guid: c7f614b6be86d6e4f94b73e1684e8274,
        type: 3}
      propertyPath: m_LocalScale.y
      value: 0.5323654
      objectReference: {fileID: 0}
    - target: {fileID: 5500724541261064894, guid: c7f614b6be86d6e4f94b73e1684e8274,
        type: 3}
      propertyPath: m_LocalScale.z
      value: 1.1308259
      objectReference: {fileID: 0}
    m_RemovedComponents:
    - {fileID: 573020150, guid: c7f614b6be86d6e4f94b73e1684e8274, type: 3}
  m_SourcePrefab: {fileID: 100100000, guid: c7f614b6be86d6e4f94b73e1684e8274, type: 3}
--- !u!4 &5403466720532164036 stripped
Transform:
  m_CorrespondingSourceObject: {fileID: 5500724541261064894, guid: c7f614b6be86d6e4f94b73e1684e8274,
    type: 3}
  m_PrefabInstance: {fileID: 480345332779403130}
  m_PrefabAsset: {fileID: 0}
--- !u!1001 &480345332794030684
PrefabInstance:
  m_ObjectHideFlags: 0
  serializedVersion: 2
  m_Modification:
    m_TransformParent: {fileID: 8895328714625802273}
    m_Modifications:
    - target: {fileID: 8518347319414435398, guid: 014910eb4559d5d4486dfcd739d7ee29,
        type: 3}
      propertyPath: m_Name
      value: Mur Porte
      objectReference: {fileID: 0}
    - target: {fileID: 8518347319414796902, guid: 014910eb4559d5d4486dfcd739d7ee29,
        type: 3}
      propertyPath: m_LocalPosition.x
      value: 0.99985427
      objectReference: {fileID: 0}
    - target: {fileID: 8518347319414796902, guid: 014910eb4559d5d4486dfcd739d7ee29,
        type: 3}
      propertyPath: m_LocalPosition.y
      value: -0.9908566
      objectReference: {fileID: 0}
    - target: {fileID: 8518347319414796902, guid: 014910eb4559d5d4486dfcd739d7ee29,
        type: 3}
      propertyPath: m_LocalPosition.z
      value: -0.0047104317
      objectReference: {fileID: 0}
    - target: {fileID: 8518347319414796902, guid: 014910eb4559d5d4486dfcd739d7ee29,
        type: 3}
      propertyPath: m_LocalRotation.x
      value: -0.00000008940696
      objectReference: {fileID: 0}
    - target: {fileID: 8518347319414796902, guid: 014910eb4559d5d4486dfcd739d7ee29,
        type: 3}
      propertyPath: m_LocalRotation.y
      value: 0.000000014901159
      objectReference: {fileID: 0}
    - target: {fileID: 8518347319414796902, guid: 014910eb4559d5d4486dfcd739d7ee29,
        type: 3}
      propertyPath: m_LocalRotation.z
      value: 0.0004075318
      objectReference: {fileID: 0}
    - target: {fileID: 8518347319414796902, guid: 014910eb4559d5d4486dfcd739d7ee29,
        type: 3}
      propertyPath: m_LocalRotation.w
      value: 1
      objectReference: {fileID: 0}
    - target: {fileID: 8518347319414796902, guid: 014910eb4559d5d4486dfcd739d7ee29,
        type: 3}
      propertyPath: m_RootOrder
      value: 1
      objectReference: {fileID: 0}
    - target: {fileID: 8518347319414796902, guid: 014910eb4559d5d4486dfcd739d7ee29,
        type: 3}
      propertyPath: m_LocalEulerAnglesHint.x
      value: 0
      objectReference: {fileID: 0}
    - target: {fileID: 8518347319414796902, guid: 014910eb4559d5d4486dfcd739d7ee29,
        type: 3}
      propertyPath: m_LocalEulerAnglesHint.y
      value: 0
      objectReference: {fileID: 0}
    - target: {fileID: 8518347319414796902, guid: 014910eb4559d5d4486dfcd739d7ee29,
        type: 3}
      propertyPath: m_LocalEulerAnglesHint.z
      value: 0
      objectReference: {fileID: 0}
    - target: {fileID: 8518347319414796902, guid: 014910eb4559d5d4486dfcd739d7ee29,
        type: 3}
      propertyPath: m_LocalScale.x
      value: 0.9942799
      objectReference: {fileID: 0}
    - target: {fileID: 8518347319414796902, guid: 014910eb4559d5d4486dfcd739d7ee29,
        type: 3}
      propertyPath: m_LocalScale.y
      value: 0.95345634
      objectReference: {fileID: 0}
    - target: {fileID: 8518347319414796902, guid: 014910eb4559d5d4486dfcd739d7ee29,
        type: 3}
      propertyPath: m_LocalScale.z
      value: 1.0010337
      objectReference: {fileID: 0}
    - target: {fileID: 1331339420, guid: 014910eb4559d5d4486dfcd739d7ee29, type: 3}
      propertyPath: m_RootOrder
      value: 1
      objectReference: {fileID: 0}
    m_RemovedComponents:
    - {fileID: 1331339421, guid: 014910eb4559d5d4486dfcd739d7ee29, type: 3}
  m_SourcePrefab: {fileID: 100100000, guid: 014910eb4559d5d4486dfcd739d7ee29, type: 3}
--- !u!4 &8114844724003260474 stripped
Transform:
  m_CorrespondingSourceObject: {fileID: 8518347319414796902, guid: 014910eb4559d5d4486dfcd739d7ee29,
    type: 3}
  m_PrefabInstance: {fileID: 480345332794030684}
  m_PrefabAsset: {fileID: 0}
--- !u!1001 &480345332802901719
PrefabInstance:
  m_ObjectHideFlags: 0
  serializedVersion: 2
  m_Modification:
    m_TransformParent: {fileID: 500521404}
    m_Modifications:
    - target: {fileID: 8550080308840294983, guid: 0c14b331a4839a9439c3b43e8a4a5472,
        type: 3}
      propertyPath: m_Name
      value: Fenetre3
      objectReference: {fileID: 0}
    - target: {fileID: 8550080308840199783, guid: 0c14b331a4839a9439c3b43e8a4a5472,
        type: 3}
      propertyPath: m_LocalPosition.x
      value: 1.870677
      objectReference: {fileID: 0}
    - target: {fileID: 8550080308840199783, guid: 0c14b331a4839a9439c3b43e8a4a5472,
        type: 3}
      propertyPath: m_LocalPosition.y
      value: -0.0003667589
      objectReference: {fileID: 0}
    - target: {fileID: 8550080308840199783, guid: 0c14b331a4839a9439c3b43e8a4a5472,
        type: 3}
      propertyPath: m_LocalPosition.z
      value: -2.0515127
      objectReference: {fileID: 0}
    - target: {fileID: 8550080308840199783, guid: 0c14b331a4839a9439c3b43e8a4a5472,
        type: 3}
      propertyPath: m_LocalRotation.x
      value: 0.0000032860546
      objectReference: {fileID: 0}
    - target: {fileID: 8550080308840199783, guid: 0c14b331a4839a9439c3b43e8a4a5472,
        type: 3}
      propertyPath: m_LocalRotation.y
      value: 0.003061755
      objectReference: {fileID: 0}
    - target: {fileID: 8550080308840199783, guid: 0c14b331a4839a9439c3b43e8a4a5472,
        type: 3}
      propertyPath: m_LocalRotation.z
      value: -0.00031825455
      objectReference: {fileID: 0}
    - target: {fileID: 8550080308840199783, guid: 0c14b331a4839a9439c3b43e8a4a5472,
        type: 3}
      propertyPath: m_LocalRotation.w
      value: 0.99999535
      objectReference: {fileID: 0}
    - target: {fileID: 8550080308840199783, guid: 0c14b331a4839a9439c3b43e8a4a5472,
        type: 3}
      propertyPath: m_RootOrder
      value: 2
      objectReference: {fileID: 0}
    - target: {fileID: 8550080308840199783, guid: 0c14b331a4839a9439c3b43e8a4a5472,
        type: 3}
      propertyPath: m_LocalEulerAnglesHint.x
      value: -89.551
      objectReference: {fileID: 0}
    - target: {fileID: 8550080308840199783, guid: 0c14b331a4839a9439c3b43e8a4a5472,
        type: 3}
      propertyPath: m_LocalEulerAnglesHint.y
      value: -35.828003
      objectReference: {fileID: 0}
    - target: {fileID: 8550080308840199783, guid: 0c14b331a4839a9439c3b43e8a4a5472,
        type: 3}
      propertyPath: m_LocalEulerAnglesHint.z
      value: -56.582005
      objectReference: {fileID: 0}
    - target: {fileID: 8550080308840199783, guid: 0c14b331a4839a9439c3b43e8a4a5472,
        type: 3}
      propertyPath: m_LocalScale.x
      value: 0.71434766
      objectReference: {fileID: 0}
    - target: {fileID: 8550080308840199783, guid: 0c14b331a4839a9439c3b43e8a4a5472,
        type: 3}
      propertyPath: m_LocalScale.y
      value: 0.5323191
      objectReference: {fileID: 0}
    - target: {fileID: 8550080308840199783, guid: 0c14b331a4839a9439c3b43e8a4a5472,
        type: 3}
      propertyPath: m_LocalScale.z
      value: 1.3399333
      objectReference: {fileID: 0}
    m_RemovedComponents:
    - {fileID: 333619891, guid: 0c14b331a4839a9439c3b43e8a4a5472, type: 3}
  m_SourcePrefab: {fileID: 100100000, guid: 0c14b331a4839a9439c3b43e8a4a5472, type: 3}
--- !u!4 &8074245172801609904 stripped
Transform:
  m_CorrespondingSourceObject: {fileID: 8550080308840199783, guid: 0c14b331a4839a9439c3b43e8a4a5472,
    type: 3}
  m_PrefabInstance: {fileID: 480345332802901719}
  m_PrefabAsset: {fileID: 0}
--- !u!1001 &480345333035258010
PrefabInstance:
  m_ObjectHideFlags: 0
  serializedVersion: 2
  m_Modification:
    m_TransformParent: {fileID: 1207173625}
    m_Modifications:
    - target: {fileID: 8550080308840294983, guid: 0c14b331a4839a9439c3b43e8a4a5472,
        type: 3}
      propertyPath: m_Name
      value: SM_Fenetre1x1_3 Variant (3)
      objectReference: {fileID: 0}
    - target: {fileID: 8550080308840199783, guid: 0c14b331a4839a9439c3b43e8a4a5472,
        type: 3}
      propertyPath: m_LocalPosition.x
      value: 0.8903851
      objectReference: {fileID: 0}
    - target: {fileID: 8550080308840199783, guid: 0c14b331a4839a9439c3b43e8a4a5472,
        type: 3}
      propertyPath: m_LocalPosition.y
      value: 0.030730275
      objectReference: {fileID: 0}
    - target: {fileID: 8550080308840199783, guid: 0c14b331a4839a9439c3b43e8a4a5472,
        type: 3}
      propertyPath: m_LocalPosition.z
      value: -2.066886
      objectReference: {fileID: 0}
    - target: {fileID: 8550080308840199783, guid: 0c14b331a4839a9439c3b43e8a4a5472,
        type: 3}
      propertyPath: m_LocalRotation.x
      value: -0.0021302162
      objectReference: {fileID: 0}
    - target: {fileID: 8550080308840199783, guid: 0c14b331a4839a9439c3b43e8a4a5472,
        type: 3}
      propertyPath: m_LocalRotation.y
      value: 0.0037000235
      objectReference: {fileID: 0}
    - target: {fileID: 8550080308840199783, guid: 0c14b331a4839a9439c3b43e8a4a5472,
        type: 3}
      propertyPath: m_LocalRotation.z
      value: 0.002325892
      objectReference: {fileID: 0}
    - target: {fileID: 8550080308840199783, guid: 0c14b331a4839a9439c3b43e8a4a5472,
        type: 3}
      propertyPath: m_LocalRotation.w
      value: 0.9999882
      objectReference: {fileID: 0}
    - target: {fileID: 8550080308840199783, guid: 0c14b331a4839a9439c3b43e8a4a5472,
        type: 3}
      propertyPath: m_RootOrder
      value: 6
      objectReference: {fileID: 0}
    - target: {fileID: 8550080308840199783, guid: 0c14b331a4839a9439c3b43e8a4a5472,
        type: 3}
      propertyPath: m_LocalEulerAnglesHint.x
      value: -90.00001
      objectReference: {fileID: 0}
    - target: {fileID: 8550080308840199783, guid: 0c14b331a4839a9439c3b43e8a4a5472,
        type: 3}
      propertyPath: m_LocalEulerAnglesHint.y
      value: 0
      objectReference: {fileID: 0}
    - target: {fileID: 8550080308840199783, guid: 0c14b331a4839a9439c3b43e8a4a5472,
        type: 3}
      propertyPath: m_LocalEulerAnglesHint.z
      value: -91.781006
      objectReference: {fileID: 0}
    - target: {fileID: 8550080308840199783, guid: 0c14b331a4839a9439c3b43e8a4a5472,
        type: 3}
      propertyPath: m_LocalScale.x
      value: 0.69263124
      objectReference: {fileID: 0}
    - target: {fileID: 8550080308840199783, guid: 0c14b331a4839a9439c3b43e8a4a5472,
        type: 3}
      propertyPath: m_LocalScale.y
      value: 0.53232723
      objectReference: {fileID: 0}
    - target: {fileID: 8550080308840199783, guid: 0c14b331a4839a9439c3b43e8a4a5472,
        type: 3}
      propertyPath: m_LocalScale.z
      value: 1.339916
      objectReference: {fileID: 0}
    m_RemovedComponents:
    - {fileID: 333619891, guid: 0c14b331a4839a9439c3b43e8a4a5472, type: 3}
  m_SourcePrefab: {fileID: 100100000, guid: 0c14b331a4839a9439c3b43e8a4a5472, type: 3}
--- !u!4 &8074245172502603517 stripped
Transform:
  m_CorrespondingSourceObject: {fileID: 8550080308840199783, guid: 0c14b331a4839a9439c3b43e8a4a5472,
    type: 3}
  m_PrefabInstance: {fileID: 480345333035258010}
  m_PrefabAsset: {fileID: 0}
--- !u!1001 &480345333100955861
PrefabInstance:
  m_ObjectHideFlags: 0
  serializedVersion: 2
  m_Modification:
    m_TransformParent: {fileID: 500521404}
    m_Modifications:
    - target: {fileID: 8550080308840294983, guid: 0c14b331a4839a9439c3b43e8a4a5472,
        type: 3}
      propertyPath: m_Name
      value: Fenetre4
      objectReference: {fileID: 0}
    - target: {fileID: 8550080308840199783, guid: 0c14b331a4839a9439c3b43e8a4a5472,
        type: 3}
      propertyPath: m_LocalPosition.x
      value: 0.8981535
      objectReference: {fileID: 0}
    - target: {fileID: 8550080308840199783, guid: 0c14b331a4839a9439c3b43e8a4a5472,
        type: 3}
      propertyPath: m_LocalPosition.y
      value: 0.016557684
      objectReference: {fileID: 0}
    - target: {fileID: 8550080308840199783, guid: 0c14b331a4839a9439c3b43e8a4a5472,
        type: 3}
      propertyPath: m_LocalPosition.z
      value: -2.0524778
      objectReference: {fileID: 0}
    - target: {fileID: 8550080308840199783, guid: 0c14b331a4839a9439c3b43e8a4a5472,
        type: 3}
      propertyPath: m_LocalRotation.x
      value: -0.0021569803
      objectReference: {fileID: 0}
    - target: {fileID: 8550080308840199783, guid: 0c14b331a4839a9439c3b43e8a4a5472,
        type: 3}
      propertyPath: m_LocalRotation.y
      value: -0.00019662415
      objectReference: {fileID: 0}
    - target: {fileID: 8550080308840199783, guid: 0c14b331a4839a9439c3b43e8a4a5472,
        type: 3}
      propertyPath: m_LocalRotation.z
      value: 0.005177109
      objectReference: {fileID: 0}
    - target: {fileID: 8550080308840199783, guid: 0c14b331a4839a9439c3b43e8a4a5472,
        type: 3}
      propertyPath: m_LocalRotation.w
      value: 0.99998426
      objectReference: {fileID: 0}
    - target: {fileID: 8550080308840199783, guid: 0c14b331a4839a9439c3b43e8a4a5472,
        type: 3}
      propertyPath: m_RootOrder
      value: 3
      objectReference: {fileID: 0}
    - target: {fileID: 8550080308840199783, guid: 0c14b331a4839a9439c3b43e8a4a5472,
        type: 3}
      propertyPath: m_LocalEulerAnglesHint.x
      value: -90.00001
      objectReference: {fileID: 0}
    - target: {fileID: 8550080308840199783, guid: 0c14b331a4839a9439c3b43e8a4a5472,
        type: 3}
      propertyPath: m_LocalEulerAnglesHint.y
      value: 0
      objectReference: {fileID: 0}
    - target: {fileID: 8550080308840199783, guid: 0c14b331a4839a9439c3b43e8a4a5472,
        type: 3}
      propertyPath: m_LocalEulerAnglesHint.z
      value: -91.781006
      objectReference: {fileID: 0}
    - target: {fileID: 8550080308840199783, guid: 0c14b331a4839a9439c3b43e8a4a5472,
        type: 3}
      propertyPath: m_LocalScale.x
      value: 0.68833405
      objectReference: {fileID: 0}
    - target: {fileID: 8550080308840199783, guid: 0c14b331a4839a9439c3b43e8a4a5472,
        type: 3}
      propertyPath: m_LocalScale.y
      value: 0.5323295
      objectReference: {fileID: 0}
    - target: {fileID: 8550080308840199783, guid: 0c14b331a4839a9439c3b43e8a4a5472,
        type: 3}
      propertyPath: m_LocalScale.z
      value: 1.3399493
      objectReference: {fileID: 0}
    m_RemovedComponents:
    - {fileID: 333619891, guid: 0c14b331a4839a9439c3b43e8a4a5472, type: 3}
  m_SourcePrefab: {fileID: 100100000, guid: 0c14b331a4839a9439c3b43e8a4a5472, type: 3}
--- !u!4 &8074245172587970226 stripped
Transform:
  m_CorrespondingSourceObject: {fileID: 8550080308840199783, guid: 0c14b331a4839a9439c3b43e8a4a5472,
    type: 3}
  m_PrefabInstance: {fileID: 480345333100955861}
  m_PrefabAsset: {fileID: 0}
--- !u!1001 &480345333310224581
PrefabInstance:
  m_ObjectHideFlags: 0
  serializedVersion: 2
  m_Modification:
    m_TransformParent: {fileID: 500521404}
    m_Modifications:
    - target: {fileID: 5500724541261100702, guid: c7f614b6be86d6e4f94b73e1684e8274,
        type: 3}
      propertyPath: m_Name
      value: Fenetre1
      objectReference: {fileID: 0}
    - target: {fileID: 5500724541261064894, guid: c7f614b6be86d6e4f94b73e1684e8274,
        type: 3}
      propertyPath: m_LocalPosition.x
      value: 1.788855
      objectReference: {fileID: 0}
    - target: {fileID: 5500724541261064894, guid: c7f614b6be86d6e4f94b73e1684e8274,
        type: 3}
      propertyPath: m_LocalPosition.y
      value: 0.016473457
      objectReference: {fileID: 0}
    - target: {fileID: 5500724541261064894, guid: c7f614b6be86d6e4f94b73e1684e8274,
        type: 3}
      propertyPath: m_LocalPosition.z
      value: -4.7974715
      objectReference: {fileID: 0}
    - target: {fileID: 5500724541261064894, guid: c7f614b6be86d6e4f94b73e1684e8274,
        type: 3}
      propertyPath: m_LocalRotation.x
      value: 0.0021560495
      objectReference: {fileID: 0}
    - target: {fileID: 5500724541261064894, guid: c7f614b6be86d6e4f94b73e1684e8274,
        type: 3}
      propertyPath: m_LocalRotation.y
      value: 0.00020791097
      objectReference: {fileID: 0}
    - target: {fileID: 5500724541261064894, guid: c7f614b6be86d6e4f94b73e1684e8274,
        type: 3}
      propertyPath: m_LocalRotation.z
      value: -0.000050753508
      objectReference: {fileID: 0}
    - target: {fileID: 5500724541261064894, guid: c7f614b6be86d6e4f94b73e1684e8274,
        type: 3}
      propertyPath: m_LocalRotation.w
      value: -0.99999774
      objectReference: {fileID: 0}
    - target: {fileID: 5500724541261064894, guid: c7f614b6be86d6e4f94b73e1684e8274,
        type: 3}
      propertyPath: m_RootOrder
      value: 0
      objectReference: {fileID: 0}
    - target: {fileID: 5500724541261064894, guid: c7f614b6be86d6e4f94b73e1684e8274,
        type: 3}
      propertyPath: m_LocalEulerAnglesHint.x
      value: -90.00001
      objectReference: {fileID: 0}
    - target: {fileID: 5500724541261064894, guid: c7f614b6be86d6e4f94b73e1684e8274,
        type: 3}
      propertyPath: m_LocalEulerAnglesHint.y
      value: 0
      objectReference: {fileID: 0}
    - target: {fileID: 5500724541261064894, guid: c7f614b6be86d6e4f94b73e1684e8274,
        type: 3}
      propertyPath: m_LocalEulerAnglesHint.z
      value: -89.768005
      objectReference: {fileID: 0}
    - target: {fileID: 5500724541261064894, guid: c7f614b6be86d6e4f94b73e1684e8274,
        type: 3}
      propertyPath: m_LocalScale.x
      value: 0.53768045
      objectReference: {fileID: 0}
    - target: {fileID: 5500724541261064894, guid: c7f614b6be86d6e4f94b73e1684e8274,
        type: 3}
      propertyPath: m_LocalScale.y
      value: 0.53236395
      objectReference: {fileID: 0}
    - target: {fileID: 5500724541261064894, guid: c7f614b6be86d6e4f94b73e1684e8274,
        type: 3}
      propertyPath: m_LocalScale.z
      value: 1.1308532
      objectReference: {fileID: 0}
    m_RemovedComponents:
    - {fileID: 573020150, guid: c7f614b6be86d6e4f94b73e1684e8274, type: 3}
  m_SourcePrefab: {fileID: 100100000, guid: c7f614b6be86d6e4f94b73e1684e8274, type: 3}
--- !u!4 &5403466721058837115 stripped
Transform:
  m_CorrespondingSourceObject: {fileID: 5500724541261064894, guid: c7f614b6be86d6e4f94b73e1684e8274,
    type: 3}
  m_PrefabInstance: {fileID: 480345333310224581}
  m_PrefabAsset: {fileID: 0}
--- !u!1001 &480345334150722475
PrefabInstance:
  m_ObjectHideFlags: 0
  serializedVersion: 2
  m_Modification:
    m_TransformParent: {fileID: 1207173625}
    m_Modifications:
    - target: {fileID: 8550080308840294983, guid: 0c14b331a4839a9439c3b43e8a4a5472,
        type: 3}
      propertyPath: m_Name
      value: SM_Fenetre1x1_3 Variant (1)
      objectReference: {fileID: 0}
    - target: {fileID: 8550080308840199783, guid: 0c14b331a4839a9439c3b43e8a4a5472,
        type: 3}
      propertyPath: m_LocalPosition.x
      value: 1.8627585
      objectReference: {fileID: 0}
    - target: {fileID: 8550080308840199783, guid: 0c14b331a4839a9439c3b43e8a4a5472,
        type: 3}
      propertyPath: m_LocalPosition.y
      value: 0.008524325
      objectReference: {fileID: 0}
    - target: {fileID: 8550080308840199783, guid: 0c14b331a4839a9439c3b43e8a4a5472,
        type: 3}
      propertyPath: m_LocalPosition.z
      value: -2.0810823
      objectReference: {fileID: 0}
    - target: {fileID: 8550080308840199783, guid: 0c14b331a4839a9439c3b43e8a4a5472,
        type: 3}
      propertyPath: m_LocalRotation.x
      value: 0.000017895944
      objectReference: {fileID: 0}
    - target: {fileID: 8550080308840199783, guid: 0c14b331a4839a9439c3b43e8a4a5472,
        type: 3}
      propertyPath: m_LocalRotation.y
      value: 0.006952277
      objectReference: {fileID: 0}
    - target: {fileID: 8550080308840199783, guid: 0c14b331a4839a9439c3b43e8a4a5472,
        type: 3}
      propertyPath: m_LocalRotation.z
      value: -0.0031779176
      objectReference: {fileID: 0}
    - target: {fileID: 8550080308840199783, guid: 0c14b331a4839a9439c3b43e8a4a5472,
        type: 3}
      propertyPath: m_LocalRotation.w
      value: 0.99997085
      objectReference: {fileID: 0}
    - target: {fileID: 8550080308840199783, guid: 0c14b331a4839a9439c3b43e8a4a5472,
        type: 3}
      propertyPath: m_RootOrder
      value: 5
      objectReference: {fileID: 0}
    - target: {fileID: 8550080308840199783, guid: 0c14b331a4839a9439c3b43e8a4a5472,
        type: 3}
      propertyPath: m_LocalEulerAnglesHint.x
      value: -89.551
      objectReference: {fileID: 0}
    - target: {fileID: 8550080308840199783, guid: 0c14b331a4839a9439c3b43e8a4a5472,
        type: 3}
      propertyPath: m_LocalEulerAnglesHint.y
      value: -35.828003
      objectReference: {fileID: 0}
    - target: {fileID: 8550080308840199783, guid: 0c14b331a4839a9439c3b43e8a4a5472,
        type: 3}
      propertyPath: m_LocalEulerAnglesHint.z
      value: -56.582005
      objectReference: {fileID: 0}
    - target: {fileID: 8550080308840199783, guid: 0c14b331a4839a9439c3b43e8a4a5472,
        type: 3}
      propertyPath: m_LocalScale.x
      value: 0.70528835
      objectReference: {fileID: 0}
    - target: {fileID: 8550080308840199783, guid: 0c14b331a4839a9439c3b43e8a4a5472,
        type: 3}
      propertyPath: m_LocalScale.y
      value: 0.5323209
      objectReference: {fileID: 0}
    - target: {fileID: 8550080308840199783, guid: 0c14b331a4839a9439c3b43e8a4a5472,
        type: 3}
      propertyPath: m_LocalScale.z
      value: 1.339832
      objectReference: {fileID: 0}
    m_RemovedComponents:
    - {fileID: 333619891, guid: 0c14b331a4839a9439c3b43e8a4a5472, type: 3}
  m_SourcePrefab: {fileID: 100100000, guid: 0c14b331a4839a9439c3b43e8a4a5472, type: 3}
--- !u!4 &8074245173618050508 stripped
Transform:
  m_CorrespondingSourceObject: {fileID: 8550080308840199783, guid: 0c14b331a4839a9439c3b43e8a4a5472,
    type: 3}
  m_PrefabInstance: {fileID: 480345334150722475}
  m_PrefabAsset: {fileID: 0}
--- !u!1001 &480345334433490152
PrefabInstance:
  m_ObjectHideFlags: 0
  serializedVersion: 2
  m_Modification:
    m_TransformParent: {fileID: 0}
    m_Modifications:
    - target: {fileID: 9068008704299849961, guid: a563d410f6271da4a9f4e2109663c529,
        type: 3}
      propertyPath: m_Name
      value: Maison 2 Variant
      objectReference: {fileID: 0}
    - target: {fileID: 9068008704300205257, guid: a563d410f6271da4a9f4e2109663c529,
        type: 3}
      propertyPath: m_LocalPosition.x
      value: 8.82
      objectReference: {fileID: 0}
    - target: {fileID: 9068008704300205257, guid: a563d410f6271da4a9f4e2109663c529,
        type: 3}
      propertyPath: m_LocalPosition.y
      value: 36.99
      objectReference: {fileID: 0}
    - target: {fileID: 9068008704300205257, guid: a563d410f6271da4a9f4e2109663c529,
        type: 3}
      propertyPath: m_LocalPosition.z
      value: 170.68723
      objectReference: {fileID: 0}
    - target: {fileID: 9068008704300205257, guid: a563d410f6271da4a9f4e2109663c529,
        type: 3}
      propertyPath: m_LocalRotation.x
      value: -0.37393925
      objectReference: {fileID: 0}
    - target: {fileID: 9068008704300205257, guid: a563d410f6271da4a9f4e2109663c529,
        type: 3}
      propertyPath: m_LocalRotation.y
      value: -0.6001413
      objectReference: {fileID: 0}
    - target: {fileID: 9068008704300205257, guid: a563d410f6271da4a9f4e2109663c529,
        type: 3}
      propertyPath: m_LocalRotation.z
      value: -0.60014117
      objectReference: {fileID: 0}
    - target: {fileID: 9068008704300205257, guid: a563d410f6271da4a9f4e2109663c529,
        type: 3}
      propertyPath: m_LocalRotation.w
      value: 0.3739393
      objectReference: {fileID: 0}
    - target: {fileID: 9068008704300205257, guid: a563d410f6271da4a9f4e2109663c529,
        type: 3}
      propertyPath: m_RootOrder
      value: 0
      objectReference: {fileID: 0}
    - target: {fileID: 9068008704300205257, guid: a563d410f6271da4a9f4e2109663c529,
        type: 3}
      propertyPath: m_LocalEulerAnglesHint.x
      value: -90.00001
      objectReference: {fileID: 0}
    - target: {fileID: 9068008704300205257, guid: a563d410f6271da4a9f4e2109663c529,
        type: 3}
      propertyPath: m_LocalEulerAnglesHint.y
      value: 0
      objectReference: {fileID: 0}
    - target: {fileID: 9068008704300205257, guid: a563d410f6271da4a9f4e2109663c529,
        type: 3}
      propertyPath: m_LocalEulerAnglesHint.z
      value: -116.147
      objectReference: {fileID: 0}
    - target: {fileID: 9068008704300205257, guid: a563d410f6271da4a9f4e2109663c529,
        type: 3}
      propertyPath: m_LocalScale.x
      value: 1.889389
      objectReference: {fileID: 0}
    - target: {fileID: 9068008704300205257, guid: a563d410f6271da4a9f4e2109663c529,
        type: 3}
      propertyPath: m_LocalScale.y
      value: 1.9702861
      objectReference: {fileID: 0}
    - target: {fileID: 9068008704300205257, guid: a563d410f6271da4a9f4e2109663c529,
        type: 3}
      propertyPath: m_LocalScale.z
      value: 1.8766423
      objectReference: {fileID: 0}
    m_RemovedComponents: []
  m_SourcePrefab: {fileID: 100100000, guid: a563d410f6271da4a9f4e2109663c529, type: 3}
--- !u!1 &8895328714626038785 stripped
GameObject:
  m_CorrespondingSourceObject: {fileID: 9068008704299849961, guid: a563d410f6271da4a9f4e2109663c529,
    type: 3}
  m_PrefabInstance: {fileID: 480345334433490152}
  m_PrefabAsset: {fileID: 0}
--- !u!4 &8895328714625802273 stripped
Transform:
  m_CorrespondingSourceObject: {fileID: 9068008704300205257, guid: a563d410f6271da4a9f4e2109663c529,
    type: 3}
  m_PrefabInstance: {fileID: 480345334433490152}
  m_PrefabAsset: {fileID: 0}
--- !u!1001 &480345334499268803
PrefabInstance:
  m_ObjectHideFlags: 0
  serializedVersion: 2
  m_Modification:
    m_TransformParent: {fileID: 1207173625}
    m_Modifications:
    - target: {fileID: 5500724541261100702, guid: c7f614b6be86d6e4f94b73e1684e8274,
        type: 3}
      propertyPath: m_Name
      value: SM_Fenetre1x1_4 (1)
      objectReference: {fileID: 0}
    - target: {fileID: 5500724541261064894, guid: c7f614b6be86d6e4f94b73e1684e8274,
        type: 3}
      propertyPath: m_LocalPosition.x
      value: 1.7450855
      objectReference: {fileID: 0}
    - target: {fileID: 5500724541261064894, guid: c7f614b6be86d6e4f94b73e1684e8274,
        type: 3}
      propertyPath: m_LocalPosition.y
      value: 0.022089532
      objectReference: {fileID: 0}
    - target: {fileID: 5500724541261064894, guid: c7f614b6be86d6e4f94b73e1684e8274,
        type: 3}
      propertyPath: m_LocalPosition.z
      value: -4.825276
      objectReference: {fileID: 0}
    - target: {fileID: 5500724541261064894, guid: c7f614b6be86d6e4f94b73e1684e8274,
        type: 3}
      propertyPath: m_LocalRotation.x
      value: -0.0021493135
      objectReference: {fileID: 0}
    - target: {fileID: 5500724541261064894, guid: c7f614b6be86d6e4f94b73e1684e8274,
        type: 3}
      propertyPath: m_LocalRotation.y
      value: 0.003689068
      objectReference: {fileID: 0}
    - target: {fileID: 5500724541261064894, guid: c7f614b6be86d6e4f94b73e1684e8274,
        type: 3}
      propertyPath: m_LocalRotation.z
      value: -0.002800822
      objectReference: {fileID: 0}
    - target: {fileID: 5500724541261064894, guid: c7f614b6be86d6e4f94b73e1684e8274,
        type: 3}
      propertyPath: m_LocalRotation.w
      value: 0.999987
      objectReference: {fileID: 0}
    - target: {fileID: 5500724541261064894, guid: c7f614b6be86d6e4f94b73e1684e8274,
        type: 3}
      propertyPath: m_RootOrder
      value: 3
      objectReference: {fileID: 0}
    - target: {fileID: 5500724541261064894, guid: c7f614b6be86d6e4f94b73e1684e8274,
        type: 3}
      propertyPath: m_LocalEulerAnglesHint.x
      value: -90.00001
      objectReference: {fileID: 0}
    - target: {fileID: 5500724541261064894, guid: c7f614b6be86d6e4f94b73e1684e8274,
        type: 3}
      propertyPath: m_LocalEulerAnglesHint.y
      value: 0
      objectReference: {fileID: 0}
    - target: {fileID: 5500724541261064894, guid: c7f614b6be86d6e4f94b73e1684e8274,
        type: 3}
      propertyPath: m_LocalEulerAnglesHint.z
      value: -89.768005
      objectReference: {fileID: 0}
    - target: {fileID: 5500724541261064894, guid: c7f614b6be86d6e4f94b73e1684e8274,
        type: 3}
      propertyPath: m_LocalScale.x
      value: 0.5377014
      objectReference: {fileID: 0}
    - target: {fileID: 5500724541261064894, guid: c7f614b6be86d6e4f94b73e1684e8274,
        type: 3}
      propertyPath: m_LocalScale.y
      value: 0.5323655
      objectReference: {fileID: 0}
    - target: {fileID: 5500724541261064894, guid: c7f614b6be86d6e4f94b73e1684e8274,
        type: 3}
      propertyPath: m_LocalScale.z
      value: 1.1308259
      objectReference: {fileID: 0}
    m_RemovedComponents:
    - {fileID: 573020150, guid: c7f614b6be86d6e4f94b73e1684e8274, type: 3}
  m_SourcePrefab: {fileID: 100100000, guid: c7f614b6be86d6e4f94b73e1684e8274, type: 3}
--- !u!4 &5403466722285711997 stripped
Transform:
  m_CorrespondingSourceObject: {fileID: 5500724541261064894, guid: c7f614b6be86d6e4f94b73e1684e8274,
    type: 3}
  m_PrefabInstance: {fileID: 480345334499268803}
  m_PrefabAsset: {fileID: 0}
--- !u!1001 &480345334698611037
PrefabInstance:
  m_ObjectHideFlags: 0
  serializedVersion: 2
  m_Modification:
    m_TransformParent: {fileID: 500521404}
    m_Modifications:
    - target: {fileID: 5500724541261100702, guid: c7f614b6be86d6e4f94b73e1684e8274,
        type: 3}
      propertyPath: m_Name
      value: Fenetre2
      objectReference: {fileID: 0}
    - target: {fileID: 5500724541261064894, guid: c7f614b6be86d6e4f94b73e1684e8274,
        type: 3}
      propertyPath: m_LocalPosition.x
      value: 0.835
      objectReference: {fileID: 0}
    - target: {fileID: 5500724541261064894, guid: c7f614b6be86d6e4f94b73e1684e8274,
        type: 3}
      propertyPath: m_LocalPosition.y
      value: -0.001
      objectReference: {fileID: 0}
    - target: {fileID: 5500724541261064894, guid: c7f614b6be86d6e4f94b73e1684e8274,
        type: 3}
      propertyPath: m_LocalPosition.z
      value: -4.798
      objectReference: {fileID: 0}
    - target: {fileID: 5500724541261064894, guid: c7f614b6be86d6e4f94b73e1684e8274,
        type: 3}
      propertyPath: m_LocalRotation.x
      value: 0.0021560495
      objectReference: {fileID: 0}
    - target: {fileID: 5500724541261064894, guid: c7f614b6be86d6e4f94b73e1684e8274,
        type: 3}
      propertyPath: m_LocalRotation.y
      value: 0.00020791097
      objectReference: {fileID: 0}
    - target: {fileID: 5500724541261064894, guid: c7f614b6be86d6e4f94b73e1684e8274,
        type: 3}
      propertyPath: m_LocalRotation.z
      value: -0.000050753508
      objectReference: {fileID: 0}
    - target: {fileID: 5500724541261064894, guid: c7f614b6be86d6e4f94b73e1684e8274,
        type: 3}
      propertyPath: m_LocalRotation.w
      value: -0.99999774
      objectReference: {fileID: 0}
    - target: {fileID: 5500724541261064894, guid: c7f614b6be86d6e4f94b73e1684e8274,
        type: 3}
      propertyPath: m_RootOrder
      value: 1
      objectReference: {fileID: 0}
    - target: {fileID: 5500724541261064894, guid: c7f614b6be86d6e4f94b73e1684e8274,
        type: 3}
      propertyPath: m_LocalEulerAnglesHint.x
      value: -90.00001
      objectReference: {fileID: 0}
    - target: {fileID: 5500724541261064894, guid: c7f614b6be86d6e4f94b73e1684e8274,
        type: 3}
      propertyPath: m_LocalEulerAnglesHint.y
      value: 0
      objectReference: {fileID: 0}
    - target: {fileID: 5500724541261064894, guid: c7f614b6be86d6e4f94b73e1684e8274,
        type: 3}
      propertyPath: m_LocalEulerAnglesHint.z
      value: -89.768005
      objectReference: {fileID: 0}
    - target: {fileID: 5500724541261064894, guid: c7f614b6be86d6e4f94b73e1684e8274,
        type: 3}
      propertyPath: m_LocalScale.x
      value: 0.5376803
      objectReference: {fileID: 0}
    - target: {fileID: 5500724541261064894, guid: c7f614b6be86d6e4f94b73e1684e8274,
        type: 3}
      propertyPath: m_LocalScale.y
      value: 0.53236383
      objectReference: {fileID: 0}
    - target: {fileID: 5500724541261064894, guid: c7f614b6be86d6e4f94b73e1684e8274,
        type: 3}
      propertyPath: m_LocalScale.z
      value: 1.1308532
      objectReference: {fileID: 0}
    m_RemovedComponents:
    - {fileID: 573020150, guid: c7f614b6be86d6e4f94b73e1684e8274, type: 3}
  m_SourcePrefab: {fileID: 100100000, guid: c7f614b6be86d6e4f94b73e1684e8274, type: 3}
--- !u!4 &5403466722480602083 stripped
Transform:
  m_CorrespondingSourceObject: {fileID: 5500724541261064894, guid: c7f614b6be86d6e4f94b73e1684e8274,
    type: 3}
  m_PrefabInstance: {fileID: 480345334698611037}
  m_PrefabAsset: {fileID: 0}
